% This file was created with JabRef 2.7b.
% Encoding: UTF-8
@ARTICLE{2011MNRAS.414.2728Y,
   author = {{Yoon}, I. and {Lee}, H.~M. and {Hong}, J.},
    title = "{Equilibrium and dynamical evolution of a self-gravitating system embedded in a potential well}",
  journal = {\mnras},
archivePrefix = "arXiv",
   eprint = {1102.4416},
 primaryClass = "astro-ph.GA",
 keywords = {gravitation, galaxies: clusters: general, galaxies: nuclei},
     year = {2011},
    month = jul,
   volume = 414,
    pages = {2728-2738},
      doi = {10.1111/j.1365-2966.2011.18589.x},
   adsurl = {http://adsabs.harvard.edu/abs/2011MNRAS.414.2728Y},
  adsnote = {Provided by the SAO/NASA Astrophysics Data System}
}
@ARTICLE{jeans02,
   author = {{Jeans}, J. H.},
    title = "{The Stability of a Spherical Nebula}",
  journal = {Phil. Trans. of the Royal Society},
     year = {1902},
   volume = {199-A},
    pages = {1â€“53}
}

@ARTICLE{2011PASP..123.1044V,
  author = {{van den Bergh}, S.},
  title = {{Some Systematics of Galactic Globular Clusters}},
  journal = {\pasp},
  year = {2011},
  volume = {123},
  pages = {1044-1053},
  month = sep,
  adsnote = {Provided by the SAO/NASA Astrophysics Data System},
  adsurl = {http://adsabs.harvard.edu/abs/2011PASP..123.1044V},
  archiveprefix = {arXiv},
  doi = {10.1086/662132},
  eprint = {1108.0708},
  keywords = {Star Clusters and Associations},
  primaryclass = {astro-ph.GA}
}

@ARTICLE{1974A&A....37..183A,
  author = {{Aarseth}, S.~J. and {Henon}, M. and {Wielen}, R.},
  title = {{A comparison of numerical methods for the study of star cluster
	dynamics}},
  journal = {\aap},
  year = {1974},
  volume = {37},
  pages = {183-187},
  month = dec,
  adsnote = {Provided by the SAO/NASA Astrophysics Data System},
  adsurl = {http://adsabs.harvard.edu/abs/1974A%26A....37..183A},
  keywords = {ASTRONOMICAL MODELS, COMPUTERIZED SIMULATION, NUMERICAL ANALYSIS,
	STAR CLUSTERS, STELLAR EVOLUTION, CELESTIAL MECHANICS, FLUID DYNAMICS,
	FOKKER-PLANCK EQUATION, MANY BODY PROBLEM, MATHEMATICAL MODELS, MONTE
	CARLO METHOD, NUMERICAL INTEGRATION, RELAXATION METHOD (MATHEMATICS)}
}

@ARTICLE{1988ApJ...335..720A,
  author = {{Aguilar}, L. and {Hut}, P. and {Ostriker}, J.~P.},
  title = {{On the evolution of globular cluster systems. I - Present characteristics
	and rate of destruction in our Galaxy}},
  journal = {\apj},
  year = {1988},
  volume = {335},
  pages = {720-747},
  month = dec,
  adsnote = {Provided by the SAO/NASA Astrophysics Data System},
  adsurl = {http://adsabs.harvard.edu/abs/1988ApJ...335..720A},
  doi = {10.1086/166961},
  keywords = {GALACTIC EVOLUTION, GALACTIC NUCLEI, GLOBULAR CLUSTERS, MILKY WAY
	GALAXY, STELLAR MOTIONS, ASTRONOMICAL MODELS, GALACTIC BULGE, RADIAL
	VELOCITY}
}

@ARTICLE{2011arXiv1111.5628A,
  author = {{Alonso-Garc{\'{\i}}a}, J. and {Mateo}, M. and {Sen}, B. and {Banerjee},
	M. and {Catelan}, M. and {Minniti}, D. and {von Braun}, K. },
  title = {{Uncloaking globular clusters in the inner Galaxy}},
  journal = {ArXiv e-prints},
  year = {2011},
  month = nov,
  adsnote = {Provided by the SAO/NASA Astrophysics Data System},
  adsurl = {http://adsabs.harvard.edu/abs/2011arXiv1111.5628A},
  archiveprefix = {arXiv},
  eprint = {1111.5628},
  keywords = {Astrophysics - Galaxy Astrophysics},
  primaryclass = {astro-ph.GA}
}

@ARTICLE{2011arXiv1111.5861A,
  author = {{Annibali}, F. and {Tosi}, M. and {Aloisi}, A. and {van der Marel},
	R.~P. and {Martinez-Delgado}, D.},
  title = {{Cluster 77 in NGC 4449: The nucleus of a satellite galaxy being
	transformed into a globular cluster?}},
  journal = {ArXiv e-prints},
  year = {2011},
  month = nov,
  adsnote = {Provided by the SAO/NASA Astrophysics Data System},
  adsurl = {http://adsabs.harvard.edu/abs/2011arXiv1111.5861A},
  archiveprefix = {arXiv},
  eprint = {1111.5861},
  keywords = {Astrophysics - Cosmology and Extragalactic Astrophysics},
  primaryclass = {astro-ph.CO}
}

@ARTICLE{1986Natur.324..446B,
   author = {{Barnes}, J. and {Hut}, P.},
    title = "{A hierarchical O(N log N) force-calculation algorithm}",
  journal = {\nat},
 keywords = {COMPUTATIONAL ASTROPHYSICS, MANY BODY PROBLEM, NUMERICAL INTEGRATION, STELLAR MOTIONS, ALGORITHMS, HIERARCHIES},
     year = {1986},
    month = dec,
   volume = 324,
    pages = {446-449},
      doi = {10.1038/324446a0},
   adsurl = {http://adsabs.harvard.edu/abs/1986Natur.324..446B},
  adsnote = {Provided by the SAO/NASA Astrophysics Data System}
}

@ARTICLE{1989ApJS...70..389B,
  author = {{Barnes}, J.~E. and {Hut}, P.},
  title = {{Error analysis of a tree code}},
  journal = {\apjs},
  year = {1989},
  volume = {70},
  pages = {389-417},
  month = jun,
  adsnote = {Provided by the SAO/NASA Astrophysics Data System},
  adsurl = {http://adsabs.harvard.edu/abs/1989ApJS...70..389B},
  doi = {10.1086/191343},
  keywords = {COMPUTATIONAL ASTROPHYSICS, ERROR ANALYSIS, MANY BODY PROBLEM, TREES
	(MATHEMATICS), ACCURACY, CELESTIAL MECHANICS, GRAVITATIONAL EFFECTS}
}

@ARTICLE{2011arXiv1107.2140B,
  author = {{Bastian}, N.},
  title = {{Cluster Disruption: From infant mortality to long term survival}},
  journal = {ArXiv e-prints},
  year = {2011},
  month = jul,
  adsnote = {Provided by the SAO/NASA Astrophysics Data System},
  adsurl = {http://adsabs.harvard.edu/abs/2011arXiv1107.2140B},
  archiveprefix = {arXiv},
  eprint = {1107.2140},
  keywords = {Astrophysics - Cosmology and Extragalactic Astrophysics},
  primaryclass = {astro-ph.CO}
}

@ARTICLE{BHHM2003,
  author = {{Baumgardt}, H. and {Heggie}, D.~C. and {Hut}, P. and {Makino}, J.
	},
  title = {{Parameters of core collapse}},
  journal = {\mnras},
  year = {2003},
  volume = {341},
  pages = {247-250},
  month = may,
  adsnote = {Provided by the SAO/NASA Astrophysics Data System},
  adsurl = {http://cdsads.u-strasbg.fr/abs/2003MNRAS.341..247B},
  doi = {10.1046/j.1365-8711.2003.06407.x},
  eprint = {arXiv:astro-ph/0301166},
  keywords = {stellar dynamics, galaxies: star clusters}
}

@ARTICLE{2008ApJ...689.1005B,
  author = {{Bertin}, G. and {Varri}, A.~L.},
  title = {{The Construction of Nonspherical Models of Quasi-Relaxed Stellar
	Systems}},
  journal = {\apj},
  year = {2008},
  volume = {689},
  pages = {1005-1019},
  month = dec,
  adsnote = {Provided by the SAO/NASA Astrophysics Data System},
  adsurl = {http://adsabs.harvard.edu/abs/2008ApJ...689.1005B},
  archiveprefix = {arXiv},
  doi = {10.1086/592684},
  eprint = {0808.2432},
  keywords = {Galaxy: Globular Clusters: General, Methods: Analytical, Stellar Dynamics}
}

@ARTICLE{2011arXiv1110.0484B,
  author = {{Bradford}, J.~D. and {Geha}, M. and {Munoz}, R. and {Santana}, F.~A.
	and {Simon}, J.~D. and {Cote}, P. and {Stetson}, P.~B. and {Kirby},
	E. and {Djorgovski}, S.~G.},
  title = {{Structure and Dynamics of the Globular Cluster Palomar 13}},
  journal = {ArXiv e-prints},
  year = {2011},
  month = oct,
  adsnote = {Provided by the SAO/NASA Astrophysics Data System},
  adsurl = {http://adsabs.harvard.edu/abs/2011arXiv1110.0484B},
  archiveprefix = {arXiv},
  eprint = {1110.0484},
  keywords = {Astrophysics - Cosmology and Extragalactic Astrophysics},
  primaryclass = {astro-ph.CO}
}

@ARTICLE{1985ApJ...298...80C,
  author = {{Casertano}, S. and {Hut}, P.},
  title = {{Core radius and density measurements in N-body experiments Connections
	with theoretical and observational definitions}},
  journal = {\apj},
  year = {1985},
  volume = {298},
  pages = {80-94},
  month = nov,
  adsnote = {Provided by the SAO/NASA Astrophysics Data System},
  adsurl = {http://adsabs.harvard.edu/abs/1985ApJ...298...80C},
  doi = {10.1086/163589},
  keywords = {ASTRONOMICAL MODELS, DENSITY DISTRIBUTION, GALACTIC CLUSTERS, MANY
	BODY PROBLEM, STAR CLUSTERS, GRAVITATIONAL EFFECTS, MONTE CARLO METHOD}
}

@ARTICLE{2011ApJ...740L...8C,
  author = {{Cavecchi}, Y. and {Patruno}, A. and {Haskell}, B. and {Watts}, A.~L.
	and {Levin}, Y. and {Linares}, M. and {Altamirano}, D. and {Wijnands},
	R. and {van der Klis}, M.},
  title = {{Implications of Burst Oscillations from the Slowly Rotating Accreting
	Pulsar IGR J17480--2446 in the Globular Cluster Terzan 5}},
  journal = {\apjl},
  year = {2011},
  volume = {740},
  pages = {L8+},
  month = oct,
  adsnote = {Provided by the SAO/NASA Astrophysics Data System},
  adsurl = {http://adsabs.harvard.edu/abs/2011ApJ...740L...8C},
  archiveprefix = {arXiv},
  doi = {10.1088/2041-8205/740/1/L8},
  eprint = {1102.1548},
  keywords = {pulsars: individual: IGR J17480-2446, stars: magnetic field, stars:
	neutron, stars: rotation, X-rays: bursts},
  primaryclass = {astro-ph.HE}
}

@INPROCEEDINGS{CFR2008,
  author = {{Chatterjee}, S. and {Fregeau}, J.~M. and {Rasio}, F.~A.},
  title = {{Effects of Stellar Collisions on Star Cluster Evolution and Core
	Collapse}},
  booktitle = {IAU Symposium},
  year = {2008},
  editor = {{E.~Vesperini, M.~Giersz, \& A.~Sills}},
  volume = {246},
  series = {IAU Symposium},
  pages = {151-155},
  month = may,
  adsnote = {Provided by the SAO/NASA Astrophysics Data System},
  adsurl = {http://cdsads.u-strasbg.fr/abs/2008IAUS..246..151C},
  archiveprefix = {arXiv},
  doi = {10.1017/S1743921308015494},
  eprint = {0710.3062},
  keywords = {scattering, stellar dynamics, methods: numerical, (stars:) blue stragglers,
	(Galaxy:) globular clusters: general}
}

@ARTICLE{2002A&A...381..340C,
  author = {{Chavanis}, P.~H.},
  title = {{Gravitational instability of finite isothermal spheres}},
  journal = {\aap},
  year = {2002},
  volume = {381},
  pages = {340-356},
  month = jan,
  adsnote = {Provided by the SAO/NASA Astrophysics Data System},
  adsurl = {http://adsabs.harvard.edu/abs/2002A%26A...381..340C},
  doi = {10.1051/0004-6361:20011438},
  eprint = {arXiv:astro-ph/0103159},
  keywords = {HYDRODYNAMICS, INSTABILITIES}
}

@ARTICLE{2006IJMPB..20.3113C,
   author = {{Chavanis}, P.~H.},
    title = "{Phase Transitions in Self-Gravitating Systems}",
  journal = {International Journal of Modern Physics B},
 keywords = {Long-range interactions, gravity, phase transitions, ensembles inequivalence, negative specific heats},
     year = {2006},
   volume = 20,
    pages = {3113-3198},
      doi = {10.1142/S0217979206035400},
   adsurl = {http://adsabs.harvard.edu/abs/2006IJMPB..20.3113C},
  adsnote = {Provided by the SAO/NASA Astrophysics Data System}
	}

@ARTICLE{2002A&A...386..732C,
  author = {{Chavanis}, P.~H.},
  title = {{Gravitational instability of polytropic spheres and generalized thermodynamics}},
  journal = {\aap},
  year = {2002},
  volume = {386},
  pages = {732-742},
  month = may,
  adsnote = {Provided by the SAO/NASA Astrophysics Data System},
  adsurl = {http://adsabs.harvard.edu/abs/2002A%26A...386..732C},
  doi = {10.1051/0004-6361:20020306},
  eprint = {arXiv:astro-ph/0108378},
  keywords = {hydrodynamics, instabilities, stars: oscillations}
}

@ARTICLE{CW90,
  author = {{Chernoff}, D.~F. and {Weinberg}, M.~D.},
  title = {{Evolution of globular clusters in the Galaxy}},
  journal = {\apj},
  year = {1990},
  volume = {351},
  pages = {121-156},
  month = mar,
  adsnote = {Provided by the SAO/NASA Astrophysics Data System},
  adsurl = {http://cdsads.u-strasbg.fr/abs/1990ApJ...351..121C},
  doi = {10.1086/168451},
  keywords = {GLOBULAR CLUSTERS, MILKY WAY GALAXY, STELLAR EVOLUTION, STELLAR PHYSICS,
	BRIGHTNESS DISTRIBUTION, FOKKER-PLANCK EQUATION, MANY BODY PROBLEM,
	MASS TO LIGHT RATIOS, POISSON EQUATION, STELLAR LUMINOSITY, STELLAR
	MASS}
}

@ARTICLE{2010arXiv1010.5783C,
  author = {{Conroy}, C. and {Loeb}, A. and {Spergel}, D.},
  title = {{Evidence Against Dark Matter Halos Surrounding the Globular Clusters
	MGC1 and NGC 2419}},
  journal = {ArXiv e-prints},
  year = {2010},
  month = oct,
  adsnote = {Provided by the SAO/NASA Astrophysics Data System},
  adsurl = {http://adsabs.harvard.edu/abs/2010arXiv1010.5783C},
  archiveprefix = {arXiv},
  eprint = {1010.5783},
  keywords = {Astrophysics - Galaxy Astrophysics, Astrophysics - Cosmology and Extragalactic
	Astrophysics},
  primaryclass = {astro-ph.GA}
}

@ARTICLE{Conroy2010,
  author = {{Conroy}, C. and {Loeb}, A. and {Spergel}, D.},
  title = {{Evidence Against Dark Matter Halos Surrounding the Globular Clusters
	MGC1 and NGC 2419}},
  journal = {ArXiv e-prints},
  year = {2010},
  month = oct,
  adsnote = {Provided by the SAO/NASA Astrophysics Data System},
  adsurl = {http://adsabs.harvard.edu/abs/2010arXiv1010.5783C},
  archiveprefix = {arXiv},
  eprint = {1010.5783},
  keywords = {Astrophysics - Galaxy Astrophysics, Astrophysics - Cosmology and Extragalactic
	Astrophysics},
  primaryclass = {astro-ph.GA}
}

@ARTICLE{2007ApJ...667..859D,
  author = {{Diemand}, J. and {Kuhlen}, M. and {Madau}, P.},
  title = {{Formation and Evolution of Galaxy Dark Matter Halos and Their Substructure}},
  journal = {\apj},
  year = {2007},
  volume = {667},
  pages = {859-877},
  month = oct,
  adsnote = {Provided by the SAO/NASA Astrophysics Data System},
  adsurl = {http://adsabs.harvard.edu/abs/2007ApJ...667..859D},
  doi = {10.1086/520573},
  eprint = {arXiv:astro-ph/0703337},
  keywords = {Cosmology: Theory, Cosmology: Dark Matter, Galaxies: Dwarf, Galaxies:
	Formation, Galaxies: Halos, Methods: Numerical}
}

@ARTICLE{1991ApJ...378..496D,
  author = {{Dubinski}, J. and {Carlberg}, R.~G.},
  title = {{The structure of cold dark matter halos}},
  journal = {\apj},
  year = {1991},
  volume = {378},
  pages = {496-503},
  month = sep,
  adsnote = {Provided by the SAO/NASA Astrophysics Data System},
  adsurl = {http://adsabs.harvard.edu/abs/1991ApJ...378..496D},
  doi = {10.1086/170451},
  keywords = {COMPUTATIONAL ASTROPHYSICS, DARK MATTER, GALACTIC STRUCTURE, GRAVITATIONAL
	COLLAPSE, HALOS, MANY BODY PROBLEM, COMPUTERIZED SIMULATION, PARTICLE
	DENSITY (CONCENTRATION), TIDES}
}

@ARTICLE{EJS2009,
  author = {{Ernst}, A. and {Just}, A. and {Spurzem}, R.},
  title = {{On the dissolution of star clusters in the Galactic Centre - I.
	Circular orbits}},
  journal = {\mnras},
  year = {2009},
  volume = {399},
  pages = {141-156},
  month = oct,
  adsnote = {Provided by the SAO/NASA Astrophysics Data System},
  adsurl = {http://cdsads.u-strasbg.fr/abs/2009MNRAS.399..141E},
  archiveprefix = {arXiv},
  doi = {10.1111/j.1365-2966.2009.15305.x},
  eprint = {0906.4459},
  keywords = {stellar dynamics , galaxies: star clusters},
  primaryclass = {astro-ph.GA}
}

@ARTICLE{1998MNRAS.300..146G,
  author = {{Ghigna}, S. and {Moore}, B. and {Governato}, F. and {Lake}, G. and
	{Quinn}, T. and {Stadel}, J.},
  title = {{Dark matter haloes within clusters}},
  journal = {\mnras},
  year = {1998},
  volume = {300},
  pages = {146-162},
  month = oct,
  adsnote = {Provided by the SAO/NASA Astrophysics Data System},
  adsurl = {http://adsabs.harvard.edu/abs/1998MNRAS.300..146G},
  doi = {10.1046/j.1365-8711.1998.01918.x},
  eprint = {arXiv:astro-ph/9801192},
  keywords = {METHODS: NUMERICAL, GALAXIES: CLUSTERS: GENERAL, GALAXIES: HALOES,
	COSMOLOGY: THEORY, DARK MATTER, LARGE-SCALE STRUCTURE OF UNIVERSE}
}

@ARTICLE{Ghigna1998,
  author = {{Ghigna}, S. and {Moore}, B. and {Governato}, F. and {Lake}, G. and
	{Quinn}, T. and {Stadel}, J.},
  title = {{Dark matter haloes within clusters}},
  journal = {\mnras},
  year = {1998},
  volume = {300},
  pages = {146-162},
  month = oct,
  adsnote = {Provided by the SAO/NASA Astrophysics Data System},
  adsurl = {http://adsabs.harvard.edu/abs/1998MNRAS.300..146G},
  doi = {10.1046/j.1365-8711.1998.01918.x},
  eprint = {arXiv:astro-ph/9801192},
  keywords = {METHODS: NUMERICAL, GALAXIES: CLUSTERS: GENERAL, GALAXIES: HALOES,
	COSMOLOGY: THEORY, DARK MATTER, LARGE-SCALE STRUCTURE OF UNIVERSE}
}

@ARTICLE{1997ApJ...474..223G,
  author = {{Gnedin}, O.~Y. and {Ostriker}, J.~P.},
  title = {{Destruction of the Galactic Globular Cluster System}},
  journal = {\apj},
  year = {1997},
  volume = {474},
  pages = {223-+},
  month = jan,
  adsnote = {Provided by the SAO/NASA Astrophysics Data System},
  adsurl = {http://adsabs.harvard.edu/abs/1997ApJ...474..223G},
  doi = {10.1086/303441},
  eprint = {arXiv:astro-ph/9603042},
  keywords = {CELESTIAL MECHANICS, STELLAR DYNAMICS, GALAXY: GLOBULAR CLUSTERS:
	GENERAL, GALAXY: KINEMATICS AND DYNAMICS}
}

@ARTICLE{GFR2004,
  author = {{G{\"u}rkan}, M.~A. and {Freitag}, M. and {Rasio}, F.~A.},
  title = {{Formation of Massive Black Holes in Dense Star Clusters. I. Mass
	Segregation and Core Collapse}},
  journal = {\apj},
  year = {2004},
  volume = {604},
  pages = {632-652},
  month = apr,
  adsnote = {Provided by the SAO/NASA Astrophysics Data System},
  adsurl = {http://cdsads.u-strasbg.fr/abs/2004ApJ...604..632G},
  doi = {10.1086/381968},
  eprint = {arXiv:astro-ph/0308449},
  keywords = {Black Hole Physics, Galaxies: Nuclei, Galaxies: Starburst, Galaxies:
	Star Clusters, Methods: n-Body Simulations, Stellar Dynamics}
}

@ARTICLE{HS1988,
  author = {{Heggie}, D.~C. and {Stevenson}, D.},
  title = {{Two homological models for the evolution of star clusters}},
  journal = {\mnras},
  year = {1988},
  volume = {230},
  pages = {223-241},
  month = jan,
  adsnote = {Provided by the SAO/NASA Astrophysics Data System},
  adsurl = {http://cdsads.u-strasbg.fr/abs/1988MNRAS.230..223H},
  keywords = {ASTRONOMICAL MODELS, FOKKER-PLANCK EQUATION, GALACTIC EVOLUTION, HOMOLOGY,
	STAR CLUSTERS, COMPUTATIONAL ASTROPHYSICS, GALACTIC STRUCTURE, GLOBULAR
	CLUSTERS, ORBITAL MECHANICS}
}

@ARTICLE{HTH2006,
  author = {{Heggie}, D.~C. and {Trenti}, M. and {Hut}, P.},
  title = {{Star clusters with primordial binaries - I. Dynamical evolution
	of isolated models}},
  journal = {\mnras},
  year = {2006},
  volume = {368},
  pages = {677-689},
  month = may,
  adsnote = {Provided by the SAO/NASA Astrophysics Data System},
  adsurl = {http://cdsads.u-strasbg.fr/abs/2006MNRAS.368..677H},
  doi = {10.1111/j.1365-2966.2006.10122.x},
  eprint = {arXiv:astro-ph/0602408},
  keywords = {stellar dynamics , methods: N-body simulations , globular clusters:
	general}
}

@ARTICLE{JRPZ2000,
  author = {{Joshi}, K.~J. and {Rasio}, F.~A. and {Portegies Zwart}, S.},
  title = {{Monte Carlo Simulations of Globular Cluster Evolution. I. Method
	and Test Calculations}},
  journal = {\apj},
  year = {2000},
  volume = {540},
  pages = {969-982},
  month = sep,
  adsnote = {Provided by the SAO/NASA Astrophysics Data System},
  adsurl = {http://cdsads.u-strasbg.fr/abs/2000ApJ...540..969J},
  doi = {10.1086/309350},
  eprint = {arXiv:astro-ph/9909115},
  keywords = {Celestial Mechanics, Stellar Dynamics, Galaxy: Globular Clusters:
	General, Methods: n-Body Simulations, Methods: Numerical}
}

@ARTICLE{2009MNRAS.397..775J,
  author = {{Joyce}, M. and {Marcos}, B. and {Sylos Labini}, F.},
  title = {{Energy ejection in the collapse of a cold spherical self-gravitating
	cloud}},
  journal = {\mnras},
  year = {2009},
  volume = {397},
  pages = {775-792},
  month = aug,
  adsnote = {Provided by the SAO/NASA Astrophysics Data System},
  adsurl = {http://adsabs.harvard.edu/abs/2009MNRAS.397..775J},
  archiveprefix = {arXiv},
  doi = {10.1111/j.1365-2966.2009.14922.x},
  eprint = {0811.2752},
  keywords = {gravitation , methods: N-body simulations}
}

@ARTICLE{KKB2008,
  author = {{K{\"u}pper}, A.~H.~W. and {Kroupa}, P. and {Baumgardt}, H.},
  title = {{The main sequence of star clusters}},
  journal = {\mnras},
  year = {2008},
  volume = {389},
  pages = {889-902},
  month = sep,
  adsnote = {Provided by the SAO/NASA Astrophysics Data System},
  adsurl = {http://cdsads.u-strasbg.fr/abs/2008MNRAS.389..889K},
  archiveprefix = {arXiv},
  doi = {10.1111/j.1365-2966.2008.13598.x},
  eprint = {0806.3973},
  keywords = {stellar dynamics , methods: N-body simulations , Hertzsprung-Russel
	(HR) diagram , open clusters and assoziations: general , galaxies:
	star clusters}
}

@ARTICLE{LBE1980,
  author = {{Lynden-Bell}, D. and {Eggleton}, P.~P.},
  title = {{On the consequences of the gravothermal catastrophe}},
  journal = {\mnras},
  year = {1980},
  volume = {191},
  pages = {483-498},
  month = may,
  adsnote = {Provided by the SAO/NASA Astrophysics Data System},
  adsurl = {http://cdsads.u-strasbg.fr/abs/1980MNRAS.191..483L},
  keywords = {ASTRONOMICAL MODELS, EVOLUTION (DEVELOPMENT), GLOBULAR CLUSTERS, GRAVITATIONAL
	COLLAPSE, STELLAR MOTIONS, THERMAL CONDUCTIVITY, ASYMPTOTIC METHODS,
	EIGENVALUES, STELLAR MASS, THERMODYNAMICS}
}

@ARTICLE{2011A&A...533A..36L,
  author = {{L{\"u}tzgendorf}, N. and {Kissler-Patig}, M. and {Noyola}, E. and
	{Jalali}, B. and {de Zeeuw}, P.~T. and {Gebhardt}, K. and {Baumgardt},
	H. },
  title = {{Kinematic signature of an intermediate-mass black hole in the globular
	cluster NGC 6388}},
  journal = {\aap},
  year = {2011},
  volume = {533},
  pages = {A36+},
  month = sep,
  adsnote = {Provided by the SAO/NASA Astrophysics Data System},
  adsurl = {http://cdsads.u-strasbg.fr/abs/2011A%26A...533A..36L},
  archiveprefix = {arXiv},
  doi = {10.1051/0004-6361/201116618},
  eprint = {1107.4243},
  keywords = {black hole physics, globular clusters: individual: NGC 6388, stars:
	kinematics and dynamics},
  primaryclass = {astro-ph.GA}
}

@ARTICLE{2011MNRAS.415.1875M,
  author = {{Maccarone}, T.~J. and {Peacock}, M.~B.},
  title = {{On the reliability of proxies for globular cluster collision rates}},
  journal = {\mnras},
  year = {2011},
  volume = {415},
  pages = {1875-1882},
  month = aug,
  adsnote = {Provided by the SAO/NASA Astrophysics Data System},
  adsurl = {http://adsabs.harvard.edu/abs/2011MNRAS.415.1875M},
  archiveprefix = {arXiv},
  doi = {10.1111/j.1365-2966.2011.18831.x},
  eprint = {1103.6016},
  keywords = {globular clusters: general},
  primaryclass = {astro-ph.HE}
}

@ARTICLE{1998MNRAS.301...25M,
  author = {{Magliocchetti}, M. and {Pucacco}, G. and {Vesperini}, E.},
  title = {{Gravothermal catastrophe in anisotropic spherical systems}},
  journal = {\mnras},
  year = {1998},
  volume = {301},
  pages = {25-30},
  month = nov,
  adsnote = {Provided by the SAO/NASA Astrophysics Data System},
  adsurl = {http://adsabs.harvard.edu/abs/1998MNRAS.301...25M},
  doi = {10.1046/j.1365-8711.1998.01939.x},
  eprint = {arXiv:astro-ph/9806233},
  keywords = {CELESTIAL MECHANICS, STELLAR DYNAMICS, GLOBULAR CLUSTERS: GENERAL}
}

@ARTICLE{MLF2008,
  author = {{McLaughlin}, D.~E. and {Fall}, S.~M.},
  title = {{Shaping the Globular Cluster Mass Function by Stellar-Dynamical
	Evaporation}},
  journal = {\apj},
  year = {2008},
  volume = {679},
  pages = {1272-1287},
  month = jun,
  adsnote = {Provided by the SAO/NASA Astrophysics Data System},
  adsurl = {http://cdsads.u-strasbg.fr/abs/2008ApJ...679.1272M},
  archiveprefix = {arXiv},
  doi = {10.1086/533485},
  eprint = {0704.0080},
  keywords = {Galaxies: Star Clusters, Galaxy: Globular Clusters: General}
}

@ARTICLE{M2008,
  author = {{McMillan}, S.~L.~W.},
  title = {{Gravitational dynamics of large stellar systems}},
  journal = {Classical and Quantum Gravity},
  year = {2008},
  volume = {25},
  pages = {114007-+},
  number = {11},
  month = jun,
  adsnote = {Provided by the SAO/NASA Astrophysics Data System},
  adsurl = {http://cdsads.u-strasbg.fr/abs/2008CQGra..25k4007M},
  archiveprefix = {arXiv},
  doi = {10.1088/0264-9381/25/11/114007},
  eprint = {0804.3987}
}

@ARTICLE{1999ApJ...524L..19M,
  author = {{Moore}, B. and {Ghigna}, S. and {Governato}, F. and {Lake}, G. and
	{Quinn}, T. and {Stadel}, J. and {Tozzi}, P.},
  title = {{Dark Matter Substructure within Galactic Halos}},
  journal = {\apjl},
  year = {1999},
  volume = {524},
  pages = {L19-L22},
  month = oct,
  adsnote = {Provided by the SAO/NASA Astrophysics Data System},
  adsurl = {http://adsabs.harvard.edu/abs/1999ApJ...524L..19M},
  doi = {10.1086/312287},
  eprint = {arXiv:astro-ph/9907411},
  keywords = {COSMOLOGY: OBSERVATIONS, COSMOLOGY: THEORY, COSMOLOGY: DARK MATTER,
	GALAXIES: CLUSTERS: GENERAL, GALAXIES: FORMATION}
}

@ARTICLE{1989ApJS...71..651P,
  author = {{Padmanabhan}, T.},
  title = {{Antonov instability and gravothermal catastrophe - Revisited}},
  journal = {\apjs},
  year = {1989},
  volume = {71},
  pages = {651-664},
  month = nov,
  adsnote = {Provided by the SAO/NASA Astrophysics Data System},
  adsurl = {http://adsabs.harvard.edu/abs/1989ApJS...71..651P},
  doi = {10.1086/191391},
  keywords = {COMPUTATIONAL ASTROPHYSICS, FLOW STABILITY, GRAVITATIONAL EFFECTS,
	DISTRIBUTION FUNCTIONS, EIGENVALUES, ENTROPY, MANY BODY PROBLEM}
}

@ARTICLE{1990PhR...188..285P,
   author = {{Padmanabhan}, T.},
    title = "{Statistical mechanics of gravitating systems}",
  journal = {\physrep},
     year = {1990},
    month = apr,
   volume = 188,
    pages = {285-362},
      doi = {10.1016/0370-1573(90)90051-3},
   adsurl = {http://adsabs.harvard.edu/abs/1990PhR...188..285P},
  adsnote = {Provided by the SAO/NASA Astrophysics Data System}
}

@ARTICLE{2008ApJ...672..904P,
  author = {{Pe{\~n}arrubia}, J. and {McConnachie}, A.~W. and {Navarro}, J.~F.
	},
  title = {{The Cold Dark Matter Halos of Local Group Dwarf Spheroidals}},
  journal = {\apj},
  year = {2008},
  volume = {672},
  pages = {904-913},
  month = jan,
  adsnote = {Provided by the SAO/NASA Astrophysics Data System},
  adsurl = {http://adsabs.harvard.edu/abs/2008ApJ...672..904P},
  doi = {10.1086/521543},
  eprint = {arXiv:astro-ph/0701780},
  keywords = {Galaxies: Dwarf, Galaxies: Evolution, Galaxies: Fundamental Parameters,
	Galaxies: Halos, Galaxies: Kinematics and Dynamics, Galaxies: Local
	Group}
}

@ARTICLE{2004PhyA..340..444S,
  author = {{Sakagami}, M.-A. and {Taruya}, A.},
  title = {{Description of quasi-equilibrium states of self-gravitating systems
	based on non-extensive thermostatistics}},
  journal = {Physica A Statistical Mechanics and its Applications},
  year = {2004},
  volume = {340},
  pages = {444-452},
  month = sep,
  adsnote = {Provided by the SAO/NASA Astrophysics Data System},
  adsurl = {http://adsabs.harvard.edu/abs/2004PhyA..340..444S},
  doi = {10.1016/j.physa.2004.04.039},
  keywords = {Non-extensive entropy, Self-gravitating system, Stellar polytrope,
	Quasi-equilibrium}
}

@ARTICLE{2011A&A...534A...9S,
  author = {{Sbordone}, L. and {Salaris}, M. and {Weiss}, A. and {Cassisi}, S.
	},
  title = {{Photometric signatures of multiple stellar populations in Galactic
	globular clusters}},
  journal = {\aap},
  year = {2011},
  volume = {534},
  pages = {A9+},
  month = oct,
  adsnote = {Provided by the SAO/NASA Astrophysics Data System},
  adsurl = {http://adsabs.harvard.edu/abs/2011A%26A...534A...9S},
  archiveprefix = {arXiv},
  doi = {10.1051/0004-6361/201116714},
  eprint = {1103.5863},
  keywords = {stars: abundances, Hertzsprung-Russell and C-M diagrams, stars: evolution,
	globular clusters: general},
  primaryclass = {astro-ph.SR}
}

@ARTICLE{2011arXiv1111.5616S,
  author = {{Schneider}, M.~D. and {Frenk}, C.~S. and {Cole}, S.},
  title = {{The Shapes and Alignments of Dark Matter Halos}},
  journal = {ArXiv e-prints},
  year = {2011},
  month = nov,
  adsnote = {Provided by the SAO/NASA Astrophysics Data System},
  adsurl = {http://adsabs.harvard.edu/abs/2011arXiv1111.5616S},
  archiveprefix = {arXiv},
  eprint = {1111.5616},
  keywords = {Astrophysics - Cosmology and Extragalactic Astrophysics},
  primaryclass = {astro-ph.CO}
}

@ARTICLE{SM2005,
  author = {{Szell}, A. and {Merritt}, D. and {Kevrekidis}, I.~G.},
  title = {{Core Collapse via Coarse Dynamic Renormalization}},
  journal = {Physical Review Letters},
  year = {2005},
  volume = {95},
  pages = {081102-+},
  number = {8},
  month = aug,
  adsnote = {Provided by the SAO/NASA Astrophysics Data System},
  adsurl = {http://cdsads.u-strasbg.fr/abs/2005PhRvL..95h1102S},
  doi = {10.1103/PhysRevLett.95.081102},
  eprint = {arXiv:astro-ph/0504546},
  keywords = {Stellar dynamics and kinematics, Computational methods in statistical
	physics and nonlinear dynamics}
}

@ARTICLE{TPZ2000,
  author = {{Takahashi}, K. and {Portegies Zwart}, S.~F.},
  title = {{The Evolution of Globular Clusters in the Galaxy}},
  journal = {\apj},
  year = {2000},
  volume = {535},
  pages = {759-775},
  month = jun,
  adsnote = {Provided by the SAO/NASA Astrophysics Data System},
  adsurl = {http://cdsads.u-strasbg.fr/abs/2000ApJ...535..759T},
  doi = {10.1086/308857},
  eprint = {arXiv:astro-ph/9903366},
  keywords = {galaxies: kinematics and dynamics, galaxies: star clusters, Galaxy:
	kinematics and dynamics, globular clusters: general, methods: numerical,
	open clusters and associations: general}
}

@ARTICLE{PhysRevLett.90.181101,
  author = {Taruya, Atsushi and Sakagami, Masa-aki},
  title = {Long-Term Evolution of Stellar Self-Gravitating Systems Away from
	Thermal Equilibrium: Connection with Nonextensive Statistics},
  journal = {Phys. Rev. Lett.},
  year = {2003},
  volume = {90},
  pages = {181101},
  month = {May},
  doi = {10.1103/PhysRevLett.90.181101},
  issue = {18},
  numpages = {4},
  publisher = {American Physical Society},
  url = {http://link.aps.org/doi/10.1103/PhysRevLett.90.181101}
}

@ARTICLE{2006JPhCS..31...55T,
  author = {{Taruya}, A. and {Sakagami}, M.-a.},
  title = {{Description of Quasi-Equilibrium States in N-body Self-gravitating
	System}},
  journal = {Journal of Physics Conference Series},
  year = {2006},
  volume = {31},
  pages = {55-58},
  month = mar,
  adsnote = {Provided by the SAO/NASA Astrophysics Data System},
  adsurl = {http://adsabs.harvard.edu/abs/2006JPhCS..31...55T},
  doi = {10.1088/1742-6596/31/1/008}
}

@ARTICLE{2004PhyA..340..453T,
  author = {{Taruya}, A. and {Sakagami}, M.-A.},
  title = {{Fokker-Planck study of stellar self-gravitating system away from
	the thermal equilibrium: connection with non-extensive statistics}},
  journal = {Physica A Statistical Mechanics and its Applications},
  year = {2004},
  volume = {340},
  pages = {453-458},
  month = sep,
  adsnote = {Provided by the SAO/NASA Astrophysics Data System},
  adsurl = {http://adsabs.harvard.edu/abs/2004PhyA..340..453T},
  doi = {10.1016/j.physa.2004.04.040},
  keywords = {Non-extensive entropy, Self-gravitating system, Quasi-equilibrium
	state, Stellar polytrope}
}

@ARTICLE{2003PhRvL..90r1101T,
  author = {{Taruya}, A. and {Sakagami}, M.-A.},
  title = {{Long-Term Evolution of Stellar Self-Gravitating Systems Away from
	Thermal Equilibrium: Connection with Nonextensive Statistics}},
  journal = {Physical Review Letters},
  year = {2003},
  volume = {90},
  pages = {181101},
  number = {18},
  month = may,
  eid = {181101},
  adsnote = {Provided by the SAO/NASA Astrophysics Data System},
  adsurl = {http://adsabs.harvard.edu/abs/2003PhRvL..90r1101T},
  doi = {10.1103/PhysRevLett.90.181101},
  eprint = {arXiv:astro-ph/0303415},
  keywords = {Stellar dynamics and kinematics, Self-gravitating systems; continuous
	media and classical fields in curved spacetime, Nonequilibrium and
	irreversible thermodynamics}
}

@ARTICLE{2003PhyA..318..387T,
  author = {{Taruya}, A. and {Sakagami}, M.-A.},
  title = {{Gravothermal catastrophe and Tsallis' generalized entropy of self-gravitating
	systems. (II). Thermodynamic properties of stellar polytrope}},
  journal = {Physica A Statistical Mechanics and its Applications},
  year = {2003},
  volume = {318},
  pages = {387-413},
  month = feb,
  adsnote = {Provided by the SAO/NASA Astrophysics Data System},
  adsurl = {http://adsabs.harvard.edu/abs/2003PhyA..318..387T},
  doi = {10.1016/S0378-4371(02)01342-0},
  eprint = {arXiv:cond-mat/0204315}
}

@ARTICLE{2003PhyA..322..285T,
  author = {{Taruya}, A. and {Sakagami}, M.-A.},
  title = {{Gravothermal catastrophe and Tsallis' generalized entropy of self-gravitating
	systems. (III). Quasi-equilibrium structure using normalized /q-values}},
  journal = {Physica A Statistical Mechanics and its Applications},
  year = {2003},
  volume = {322},
  pages = {285-312},
  month = may,
  adsnote = {Provided by the SAO/NASA Astrophysics Data System},
  adsurl = {http://adsabs.harvard.edu/abs/2003PhyA..322..285T},
  doi = {10.1016/S0378-4371(03)00039-6},
  eprint = {arXiv:cond-mat/0211305}
}

@ARTICLE{2002PhyA..307..185T,
  author = {{Taruya}, A. and {Sakagami}, M.-a.},
  title = {{Gravothermal catastrophe and Tsallis' generalized entropy of self-gravitating
	systems}},
  journal = {Physica A Statistical Mechanics and its Applications},
  year = {2002},
  volume = {307},
  pages = {185-206},
  month = apr,
  adsnote = {Provided by the SAO/NASA Astrophysics Data System},
  adsurl = {http://adsabs.harvard.edu/abs/2002PhyA..307..185T},
  doi = {10.1016/S0378-4371(01)00622-7},
  eprint = {arXiv:cond-mat/0107494}
}

@ARTICLE{1997MNRAS.286..865T,
  author = {{Tormen}, G. and {Bouchet}, F.~R. and {White}, S.~D.~M.},
  title = {{The structure and dynamical evolution of dark matter haloes}},
  journal = {\mnras},
  year = {1997},
  volume = {286},
  pages = {865-884},
  month = apr,
  adsnote = {Provided by the SAO/NASA Astrophysics Data System},
  adsurl = {http://adsabs.harvard.edu/abs/1997MNRAS.286..865T},
  eprint = {arXiv:astro-ph/9603132},
  keywords = {GALAXIES: CLUSTERS: GENERAL, GALAXIES: HALOES, COSMOLOGY: THEORY,
	DARK MATTER}
}

@ARTICLE{Tormen1997,
  author = {{Tormen}, G. and {Bouchet}, F.~R. and {White}, S.~D.~M.},
  title = {{The structure and dynamical evolution of dark matter haloes}},
  journal = {\mnras},
  year = {1997},
  volume = {286},
  pages = {865-884},
  month = apr,
  adsnote = {Provided by the SAO/NASA Astrophysics Data System},
  adsurl = {http://adsabs.harvard.edu/abs/1997MNRAS.286..865T},
  eprint = {arXiv:astro-ph/9603132},
  keywords = {GALAXIES: CLUSTERS: GENERAL, GALAXIES: HALOES, COSMOLOGY: THEORY,
	DARK MATTER}
}

@ARTICLE{THH2007,
  author = {{Trenti}, M. and {Heggie}, D.~C. and {Hut}, P.},
  title = {{Star clusters with primordial binaries - II. Dynamical evolution
	of models in a tidal field}},
  journal = {\mnras},
  year = {2007},
  volume = {374},
  pages = {344-356},
  month = jan,
  adsnote = {Provided by the SAO/NASA Astrophysics Data System},
  adsurl = {http://cdsads.u-strasbg.fr/abs/2007MNRAS.374..344T},
  doi = {10.1111/j.1365-2966.2006.11166.x},
  eprint = {arXiv:astro-ph/0602409},
  keywords = {stellar dynamics, methods: N-body simulations, globular clusters:
	general}
}

@ARTICLE{2010ApJ...708.1598T,
  author = {{Trenti}, M. and {Vesperini}, E. and {Pasquato}, M.},
  title = {{Tidal Disruption, Global Mass Function, and Structural Parameter
	Evolution in Star Clusters}},
  journal = {\apj},
  year = {2010},
  volume = {708},
  pages = {1598-1610},
  month = jan,
  adsnote = {Provided by the SAO/NASA Astrophysics Data System},
  adsurl = {http://adsabs.harvard.edu/abs/2010ApJ...708.1598T},
  archiveprefix = {arXiv},
  doi = {10.1088/0004-637X/708/2/1598},
  eprint = {0911.3394},
  keywords = {globular clusters: general, methods: N-body simulations, stars: luminosity
	function, mass function, stellar dynamics},
  primaryclass = {astro-ph.GA}
}

@ARTICLE{TVP2010,
  author = {{Trenti}, M. and {Vesperini}, E. and {Pasquato}, M.},
  title = {{Tidal Disruption, Global Mass Function, and Structural Parameter
	Evolution in Star Clusters}},
  journal = {\apj},
  year = {2010},
  volume = {708},
  pages = {1598-1610},
  month = jan,
  adsnote = {Provided by the SAO/NASA Astrophysics Data System},
  adsurl = {http://cdsads.u-strasbg.fr/abs/2010ApJ...708.1598T},
  archiveprefix = {arXiv},
  doi = {10.1088/0004-637X/708/2/1598},
  eprint = {0911.3394},
  keywords = {globular clusters: general, methods: N-body simulations, stars: luminosity
	function, mass function, stellar dynamics},
  primaryclass = {astro-ph.GA}
}

@ARTICLE{2009ApJ...703.1911V,
  author = {{Varri}, A.~L. and {Bertin}, G.},
  title = {{Properties of Quasi-relaxed Stellar Systems in an External Tidal
	Field}},
  journal = {\apj},
  year = {2009},
  volume = {703},
  pages = {1911-1922},
  month = oct,
  adsnote = {Provided by the SAO/NASA Astrophysics Data System},
  adsurl = {http://adsabs.harvard.edu/abs/2009ApJ...703.1911V},
  archiveprefix = {arXiv},
  doi = {10.1088/0004-637X/703/2/1911},
  eprint = {0908.2388},
  keywords = {globular clusters: general, stellar dynamics},
  primaryclass = {astro-ph.GA}
}

@ARTICLE{2011MNRAS.416.1377V,
  author = {{Vera-Ciro}, C.~A. and {Sales}, L.~V. and {Helmi}, A. and {Frenk},
	C.~S. and {Navarro}, J.~F. and {Springel}, V. and {Vogelsberger},
	M. and {White}, S.~D.~M.},
  title = {{The shape of dark matter haloes in the Aquarius simulations: evolution
	and memory}},
  journal = {\mnras},
  year = {2011},
  volume = {416},
  pages = {1377-1391},
  month = sep,
  adsnote = {Provided by the SAO/NASA Astrophysics Data System},
  adsurl = {http://adsabs.harvard.edu/abs/2011MNRAS.416.1377V},
  archiveprefix = {arXiv},
  doi = {10.1111/j.1365-2966.2011.19134.x},
  eprint = {1104.1566},
  keywords = {galaxies: evolution, galaxies: formation, galaxies: haloes, dark matter},
  primaryclass = {astro-ph.CO}
}

@INBOOK{V2009,
  pages = {415-+},
  title = {{Evolution of Globular Cluster Systems}},
  year = {2009},
  editor = {{Richtler, T.~\& Larsen, S.}},
  author = {{Vesperini}, E.},
  adsnote = {Provided by the SAO/NASA Astrophysics Data System},
  adsurl = {http://cdsads.u-strasbg.fr/abs/2009gcgg.book..415V},
  booktitle = {Globular Clusters - Guides to Galaxies},
  doi = {10.1007/978-3-540-76961-3 95}
}

@ARTICLE{2010RSPTA.368..829V,
  author = {{Vesperini}, E.},
  title = {{Star cluster dynamics}},
  journal = {Royal Society of London Philosophical Transactions Series A},
  year = {2010},
  volume = {368},
  pages = {829-849},
  month = jan,
  adsnote = {Provided by the SAO/NASA Astrophysics Data System},
  adsurl = {http://adsabs.harvard.edu/abs/2010RSPTA.368..829V},
  archiveprefix = {arXiv},
  doi = {10.1098/rsta.2009.0260},
  eprint = {0911.0793},
  primaryclass = {astro-ph.GA}
}

@ARTICLE{1998MNRAS.299.1019V,
  author = {{Vesperini}, E.},
  title = {{Evolution of the mass function of the Galactic globular cluster
	system}},
  journal = {\mnras},
  year = {1998},
  volume = {299},
  pages = {1019-1039},
  month = oct,
  adsnote = {Provided by the SAO/NASA Astrophysics Data System},
  adsurl = {http://adsabs.harvard.edu/abs/1998MNRAS.299.1019V},
  doi = {10.1046/j.1365-8711.1998.01837.x},
  eprint = {arXiv:astro-ph/9805308},
  keywords = {CELESTIAL MECHANICS, STELLAR DYNAMICS, GLOBULAR CLUSTERS: GENERAL}
}

@ARTICLE{1997MNRAS.287..915V,
  author = {{Vesperini}, E.},
  title = {{On the evolution of the Galactic globular cluster system}},
  journal = {\mnras},
  year = {1997},
  volume = {287},
  pages = {915-928},
  month = jun,
  adsnote = {Provided by the SAO/NASA Astrophysics Data System},
  adsurl = {http://cdsads.u-strasbg.fr/abs/1997MNRAS.287..915V},
  eprint = {arXiv:astro-ph/9702067},
  keywords = {GLOBULAR CLUSTERS: GENERAL}
}

@ARTICLE{1997MNRAS.289..898V,
  author = {{Vesperini}, E. and {Heggie}, D.~C.},
  title = {{On the effects of dynamical evolution on the initial mass function
	of globular clusters}},
  journal = {\mnras},
  year = {1997},
  volume = {289},
  pages = {898-920},
  month = aug,
  adsnote = {Provided by the SAO/NASA Astrophysics Data System},
  adsurl = {http://cdsads.u-strasbg.fr/abs/1997MNRAS.289..898V},
  eprint = {arXiv:astro-ph/9705073},
  keywords = {CELESTIAL MECHANICS, STELLAR DYNAMICS, GLOBULAR CLUSTERS: GENERAL}
}

@ARTICLE{2009ApJ...698..615V,
  author = {{Vesperini}, E. and {McMillan}, S.~L.~W. and {Portegies Zwart}, S.
	},
  title = {{Effects of Primordial Mass Segregation on the Dynamical Evolution
	of Star Clusters}},
  journal = {\apj},
  year = {2009},
  volume = {698},
  pages = {615-622},
  month = jun,
  adsnote = {Provided by the SAO/NASA Astrophysics Data System},
  adsurl = {http://adsabs.harvard.edu/abs/2009ApJ...698..615V},
  archiveprefix = {arXiv},
  doi = {10.1088/0004-637X/698/1/615},
  eprint = {0904.3934},
  keywords = {globular clusters: general, methods: N-body simulations, stellar dynamics},
  primaryclass = {astro-ph.GA}
}

@ARTICLE{YLH2011,
  author = {{Yoon}, I. and {Lee}, H.~M. and {Hong}, J.},
  title = {{Equilibrium and dynamical evolution of a self-gravitating system
	embedded in a potential well}},
  journal = {\mnras},
  year = {2011},
  pages = {597-+},
  month = apr,
  adsnote = {Provided by the SAO/NASA Astrophysics Data System},
  adsurl = {http://cdsads.u-strasbg.fr/abs/2011MNRAS.tmp..597Y},
  archiveprefix = {arXiv},
  doi = {10.1111/j.1365-2966.2011.18589.x},
  eprint = {1102.4416},
  keywords = {gravitation, galaxies: clusters: general, galaxies: nuclei},
  primaryclass = {astro-ph.GA}
}

@ARTICLE{2011arXiv1104.0629H,
	author = {{He}, P.},
	title = "{Second-order solutions of the equilibrium statistical
		mechanics for self-gravitating systems}",
	journal = {ArXiv e-prints},
	archivePrefix = "arXiv",
	eprint = {1104.0629},
	primaryClass = "astro-ph.CO",
	keywords = {Astrophysics - Cosmology and Extragalactic Astrophysics,
		Astrophysics - Galaxy Astrophysics, Condensed Matter -
		Statistical Mechanics},
	year = {2011},
	month = apr,
	adsurl = {http://adsabs.harvard.edu/abs/2011arXiv1104.0629H},
	adsnote = {Provided by the SAO/NASA Astrophysics Data
		System}
}

@ARTICLE{2012MNRAS.419.1667H,
   author = {{He}, P.},
    title = "{Equilibrium statistical mechanics for self-gravitating systems: local ergodicity and extended Boltzmann-Gibbs/White-Narayan statistics}",
  journal = {\mnras},
archivePrefix = "arXiv",
   eprint = {1103.5730},
 primaryClass = "astro-ph.CO",
 keywords = {methods: analytical, galaxies: kinematics and dynamics, cosmology: theory, dark matter, large-scale structure of Universe},
     year = {2012},
    month = jan,
   volume = 419,
    pages = {1667-1681},
      doi = {10.1111/j.1365-2966.2011.19830.x},
   adsurl = {http://adsabs.harvard.edu/abs/2012MNRAS.419.1667H},
  adsnote = {Provided by the SAO/NASA Astrophysics Data System}
}

@ARTICLE{2005MNRAS.364..990T,
   author = {{Taruya}, A. and {Sakagami}, M.-a.},
    title = "{Antonov problem and quasi-equilibrium states in an N-body system}",
  journal = {\mnras},
   eprint = {arXiv:astro-ph/0509745},
 keywords = {stellar dynamics, methods: numerical, celestial mechanics, globular clusters: general},
     year = {2005},
    month = dec,
   volume = 364,
    pages = {990-1010},
      doi = {10.1111/j.1365-2966.2005.09635.x},
   adsurl = {http://adsabs.harvard.edu/abs/2005MNRAS.364..990T},
  adsnote = {Provided by the SAO/NASA Astrophysics Data System}
}

@ARTICLE{2011arXiv1109.3750K,
   author = {{Kang}, D.-B.},
    title = "{Different thermodynamics of self-gravitating systems and discussions for some observations and simulations}",
  journal = {ArXiv e-prints},
archivePrefix = "arXiv",
   eprint = {1109.3750},
 primaryClass = "astro-ph.CO",
 keywords = {Astrophysics - Cosmology and Extragalactic Astrophysics, Astrophysics - Galaxy Astrophysics, Condensed Matter - Statistical Mechanics},
     year = {2011},
    month = sep,
   adsurl = {http://adsabs.harvard.edu/abs/2011arXiv1109.3750K},
  adsnote = {Provided by the SAO/NASA Astrophysics Data System}
}

@ARTICLE{1966AJ.....71...64K,
	author = {{King}, I.~R.},
	title = "{The structure of star clusters. III. Some simple dynamical models}",
	journal = {\aj},
	year = {1966},
	month = feb,
	volume = 71,
	pages = {64},
	doi = {10.1086/109857},
	adsurl = {http://adsabs.harvard.edu/abs/1966AJ.....71...64K},
	adsnote = {Provided by the SAO/NASA Astrophysics Data System}
}

@ARTICLE{King-1966AJ,
	author = {{King}, I.~R.},
	title = "{The structure of star clusters. III. Some simple dynamical models}",
	journal = {\aj},
	year = {1966},
	month = feb,
	volume = 71,
	pages = {64},
	doi = {10.1086/109857},
	adsurl = {http://adsabs.harvard.edu/abs/1966AJ.....71...64K},
	adsnote = {Provided by the SAO/NASA Astrophysics Data System}
}

%%%%%%%%%%%%%%%%%%%%%%%%%%%%%%%%%%%%%%%%%%%%%%%%%%%%%%%%%%%%%%%%%%%%%%%%%%%%%%%%%%%%%%%%%%%%%%%%%%%%%%%%%%%%%%%%%%%%%%%%%%%%%%%%%%%%%%%%%%%%%%%%
Un point sur tout ce que savait les astronomes sur les amas globulaires en 1997. PrÃ©sence d'un petit historique :

@Article{Djo-rc,
	author={{Djorovski}, S.},
	journal={ASPC},
	year={1993},
	pages={50},
	title={Physical parameters of galactic globular clusters}
}

@Article{MH-AAR1997,
	author={{Meylan}, Georges AND \textsc{Heggie}, Douglas C.},
	journal={The Astronomy and Astrophysics Review},
	year={1997},
	title={Internal dynamics of globular clusters},
	pages={1-143}
}

%%%%%%%%%%%%%%%%%%%%%%%%%%%%%%%%%%%%%%%%%%%%%%%%%%%%%%%%%%%%%%%%%%%%%%%%%%%%%%%%%%%%%%%%%%%%%%%%%%%%%%%%%%%%%%%%%%%%%%%%%%%%%%%%%%%%%%%%%%%%%%%%
On y retrouve tout les graphiques utilisÃ©s pour la partie sur les amas et leurs Ã¢ges (graphes de surface brightness against radii) (Ã  complÃ©ter avec King1988) :
@Article{Trager-graphe,
	author={ {Trager}, Scott C. AND \textsc{King}, Ivan R. AND \textsc{Djorgovski}, S.},
	journal={The Astronomical Journal},
	year={1995},
	pages={109-218},
	title={Catalogue of galactic globular-cluster surface-brightness profiles}
}
La table des donnÃ©es de l'article Trager-graphe :
@misc{TragerTable,
	author={{Trager}, Scott C.},
	title={Table de donnÃ©es pour les graphiques de~\cite{Trager-graphe}},
	note={\url{www.astro.rug.nl/~sctrager/globs/table1.txt}},
	month={AoÃ»t},
	year={1994}
}
Un point en plus sur les surface brightness, mais avec en plus une dÃ©termination de rapport Masse luminositÃ© :
@article{McL,
	author={{McLaughlin}, Dean E. AND \textsc{Van der Marel}, Roeland P.},
	journal={The Astrophysical Journal Supplement Series},
	year={2005},
	pages={304--360},
	title={Resolved massive star clusters in the Milky Way and its satellites : Brightness profiles and a catalog of fundamental parameter}
}
Petite explication sur les surface photometry et surface brightness en complÃ©ment de Trager-graphe :
@article{King1988,
	author={{King}, Ivan R.},
	journal={Publications of the Astronomical Society of the Pacific},
	year={1988},
	pages={999, Vol. 100},
	title={Effective Radii of Annuli Surface Photometry}
}

%%%%%%%%%%%%%%%%%%%%%%%%%%%%%%%%%%%%%%%%%%%%%%%%%%%%%%%%%%%%%%%%%%%%%%%%%%%%%%%%%%%%%%%%%%%%%%%%%%%%%%%%%%%%%%%%%%%%%%%%%%%%%%%%%%%%%%%%%%%%%%%%
On trouve des informations sur la stabilitÃ© des sphÃ¨res isothermes dans ces deux articles :
@Article{Katz-Stab,
	author={{Katz}, J.},
	journal={Monthly Notices of the astronomical society},
	year={1978},
	pages={ p.765, vol. 183},
	title={On the number of unstable modes of an equilibrium}
}

@ARTICLE{1979MNRAS.189..817K,
   author = {{Katz}, J.},
    title = "{On the Number of Unstable Modes of an Equilibrium - Part Two}",
  journal = {\mnras},
     year = {1979},
    month = dec,
   volume = 189,
    pages = {817},
   adsurl = {http://adsabs.harvard.edu/abs/1979MNRAS.189..817K},
  adsnote = {Provided by the SAO/NASA Astrophysics Data System}
}

@Article{JPerez96,
	author={{Perez}, JÃ©rÃ´me AND \textsc{Aly}, Jean-Jacques},
	journal={Monthly Notices of the Royal Astronomical Society},
	year={1996},
	pages={689-699, vol. 280},
	title={Stability of spherical stellar systems 1 : Analytical results}
}

%%%%%%%%%%%%%%%%%%%%%%%%%%%%%%%%%%%%%%%%%%%%%%%%%%%%%%%%%%%%%%%%%%%%%%%%%%%%%%%%%%%%%%%%%%%%%%%%%%%%%%%%%%%%%%%%%%%%%%%%%%%%%%%%%%%%%%%%%%%%%%%%
Le Catalogue de Harris : fourni le matÃ©riel de base pour construire mes graphes et donnÃ©es :
@misc{Harris,
	author={{Harris}, William E.},
	title={Catalogue de Harris},
	note={\url{physwww.physics.mcmaster.ca/~harris/mwgc.dat}},
	month={December},
	year={2010}
}

%%%%%%%%%%%%%%%%%%%%%%%%%%%%%%%%%%%%%%%%%%%%%%%%%%%%%%%%%%%%%%%%%%%%%%%%%%%%%%%%%%%%%%%%%%%%%%%%%%%%%%%%%%%%%%%%%%%%%%%%%%%%%%%%%%%%%%%%%%%%%%%%
Quelques documents me servant d'appui sur certain point :
@phdthesis{ThNico,
	title={Dynamique gravitationnelle multi-Ã©chelle -- Formation et Ã©volution des systÃ¨mes auto-gravitant non isolÃ©s},
	author={Nicolas, {Kielbasiewicz}},
	year={2009},
	school={Ã‰cole polytechnique}
}
@misc{CoursJP,
author = {{Perez}, JÃ©rÃ´me},
    title = "{Gravitation classique, problÃ¨me Ã  $N$ corps, de 2 Ã  l'infini,, deuxiÃ¨me Ã©dition, Les presses de l'ENSTA}",
booktitle = {Gravitation classique, problÃ¨me Ã  $N$ corps, de 2 Ã  l'infini, deuxiÃ¨me Ã©dition},
     year = {2011},
		month={Novembre},
publisher = {Les presses de l'Ensta},
   adsurl = {},
  adsnote = {}
}

@misc{Emden07,
author = {{Emden}, Robert},
    title = "{Gaskugeln, Teubner Verlag, Liepzig}",
booktitle = {Gaskugeln},
     year = {1907},
publisher = {Teubner Verlag, Liepzig},
   adsurl = {},
  adsnote = {}
}


@misc{Chandra39,
author = {{Chandrasekhar}, Subrahmanyan},
    title = "{An introduction to the study of stellar structure, University of Chicago Press}",
booktitle = {An introduction to the study of stellar structure, University of Chicago Press},
     year = {1939},
publisher = {University of Chicago Press},
   adsurl = {},
  adsnote = {}
}
 

@misc{SBP,
	title={The Most Confusing "Unit" in Astronomy : Magnitudes per square arcsecond},
	author={{Liu}, Adrian},
	month={december},
	year={2009},
	note={\url{web.mit.edu/8.902/www/handouts/magpersqarcsec.pdf}}
}

%%%%%%%%%%%%%%%%%%%%%%%%%%%%%%%%%%%%%%%%%%%%%%%%%%%%%%%%%%%%%%%%%%%%%%%%%%%%%%%%%%%%%%%%%%%%%%%%%%%%%%%%%%%%%%%%%%%%%%%%%%%%%%%%%%%%%%%%%%%%%%%%
Ouvrages concernant la partie numÃ©rique :
@book{NumericalRecipesC,
	author={{Teukolsky}, Saul AND \textsc{Vetterling}, William AND \textsc{Flannery}, Brian},
	title={Numerical Recipes in C},
	publisher={William H. Press},
	year={1992}
}

@Article{gadget2,
	author={{Springel}, Volker},
	title={The cosmological simulation code {GADGET-2}},
	journal={Royal Astronomical Society},
	year={2005},
	pages={1105-1134}
}

@ARTICLE{gadget1,
   author = {{Springel}, V. and {Yoshida}, N. and {White}, S.~D.~M.},
    title = "{GADGET: a code for collisionless and gasdynamical cosmological simulations}",
  journal = {\na},
   eprint = {astro-ph/0003162},
     year = 2001,
    month = apr,
   volume = 6,
    pages = {79-117},
      doi = {10.1016/S1384-1076(01)00042-2},
   adsurl = {http://adsabs.harvard.edu/abs/2001NewA....6...79S},
  adsnote = {Provided by the SAO/NASA Astrophysics Data System}
}

@Article{kiessling,
	author={{Kiessling}, M. K.-H.},
	title={The Jeans Swindle. A True Story : Mathematically Speaking},
	journal={Adv. in App. Math.},
	year={2003},
	volume={31},
	pages={132-149}
}

@ARTICLE{Joyceetal,
   author = {{Joyce}, M. and {Marcos}, B. and {Sylos Labini}, F.},
    title = "{Energy ejection in the collapse of a cold spherical self-gravitating cloud}",
  journal = {\mnras},
archivePrefix = "arXiv",
   eprint = {0811.2752},
 keywords = {gravitation , methods: N-body simulations},
     year = 2009,
    month = aug,
   volume = 397,
    pages = {775-792},
      doi = {10.1111/j.1365-2966.2009.14922.x},
   adsurl = {http://adsabs.harvard.edu/abs/2009MNRAS.397..775J},
  adsnote = {Provided by the SAO/NASA Astrophysics Data System}
}


@BOOK{2008gady.book.....B,
   author = {{Binney}, J. and {Tremaine}, S.},
    title = "{Galactic Dynamics: Second Edition}",
booktitle = {Galactic Dynamics: Second Edition, by James Binney and Scott Tremaine.~ISBN 978-0-691-13026-2 (HB).~Published by Princeton University Press, Princeton, NJ USA, 2008.},
     year = {2008},
publisher = {Princeton University Press},
   adsurl = {http://adsabs.harvard.edu/abs/2008gady.book.....B},
  adsnote = {Provided by the SAO/NASA Astrophysics Data System}
}

@ARTICLE{1964AnAp...27...83H,
   author = {{H{\'e}non}, M.},
    title = "{L'{\'e}volution initiale d'un amas sph{\'e}rique}",
  journal = {Annales d'Astrophysique},
     year = 1964,
    month = feb,
   volume = 27,
    pages = {83},
   adsurl = {http://cdsads.u-strasbg.fr/abs/1964AnAp...27...83H},
  adsnote = {Provided by the SAO/NASA Astrophysics Data System}
}

@ARTICLE{1965AnAp...28...62H,
   author = {{H{\'e}non}, M.},
    title = "{Sur l'{\'e}volution dynamique des amas globulaires. II. Amas isol{\amp}eacute}",
  journal = {Annales d'Astrophysique},
     year = 1965,
    month = feb,
   volume = 28,
    pages = {62},
   adsurl = {http://cdsads.u-strasbg.fr/abs/1965AnAp...28...62H},
  adsnote = {Provided by the SAO/NASA Astrophysics Data System}
}

@ARTICLE{1968MNRAS.138..495L,
   author = {{Lynden-Bell}, D. and {Wood}, R.},
    title = "{The gravo-thermal catastrophe in isothermal spheres and the onset of red-giant structure for stellar systems}",
  journal = {\mnras},
     year = 1968,
   volume = 138,
    pages = {495},
   adsurl = {http://adsabs.harvard.edu/abs/1968MNRAS.138..495L},
  adsnote = {Provided by the SAO/NASA Astrophysics Data System}
}



@ARTICLE{2012arXiv1206.2661S,
   author = {{Schawinski}, K.},
    title = "{Black Hole -- Galaxy Co-evolution}",
  journal = {ArXiv e-prints},
archivePrefix = "arXiv",
   eprint = {1206.2661},
 primaryClass = "astro-ph.CO",
 keywords = {Astrophysics - Cosmology and Extragalactic Astrophysics},
     year = 2012,
    month = jun,
   adsurl = {http://adsabs.harvard.edu/abs/2012arXiv1206.2661S},
  adsnote = {Provided by the SAO/NASA Astrophysics Data System}
}


@ARTICLE{2012A&A...542A..44K,
   author = {{Kirsten}, F. and {Vlemmings}, W.~H.~T.},
    title = "{No evidence for a central IMBH in M 15}",
  journal = {\aap},
archivePrefix = "arXiv",
   eprint = {1204.4457},
 primaryClass = "astro-ph.GA",
 keywords = {globular clusters: individual: M 15 (NGC 7078), black hole physics, techniques: interferometric, radio continuum: general},
     year = 2012,
    month = jun,
   volume = 542,
      eid = {A44},
    pages = {A44},
      doi = {10.1051/0004-6361/201218928},
   adsurl = {http://adsabs.harvard.edu/abs/2012A%26A...542A..44K},
  adsnote = {Provided by the SAO/NASA Astrophysics Data System}
}

@ARTICLE{2012MNRAS.tmp.3148W,
   author = {{Williams}, L.~L.~R. and {Barnes}, E.~I. and {Hjorth}, J.},
    title = "{Collisionless dynamics in globular clusters}",
  journal = {\mnras},
archivePrefix = "arXiv",
   eprint = {1204.5217},
 primaryClass = "astro-ph.CO",
 keywords = {globular clusters: general},
     year = 2012,
    month = may,
    pages = {3148},
      doi = {10.1111/j.1365-2966.2012.21158.x},
   adsurl = {http://adsabs.harvard.edu/abs/2012MNRAS.tmp.3148W},
  adsnote = {Provided by the SAO/NASA Astrophysics Data System}
}

@ARTICLE{2013arXiv1305.7220N,
   author = {{Nguyen}, P.~H. and {Pedraza}, J.~F.},
    title = "{Anisotropic Models for Globular Clusters, Galactic Bulges and Dark Halos}",
  journal = {ArXiv e-prints},
archivePrefix = "arXiv",
   eprint = {1305.7220},
 primaryClass = "gr-qc",
 keywords = {General Relativity and Quantum Cosmology, Astrophysics - Cosmology and Extragalactic Astrophysics, Astrophysics - Galaxy Astrophysics, Astrophysics - Solar and Stellar Astrophysics},
     year = 2013,
    month = may,
   adsurl = {http://adsabs.harvard.edu/abs/2013arXiv1305.7220N},
  adsnote = {Provided by the SAO/NASA Astrophysics Data System}
}

@ARTICLE{2003MNRAS.338...14P,
   author = {{Power}, C. and {Navarro}, J.~F. and {Jenkins}, A. and {Frenk}, C.~S. and 
	{White}, S.~D.~M. and {Springel}, V. and {Stadel}, J. and {Quinn}, T.
	},
    title = "{The inner structure of {$\Lambda$}CDM haloes - I. A numerical convergence study}",
  journal = {\mnras},
   eprint = {arXiv:astro-ph/0201544},
 keywords = {gravitation, cosmology: theory, dark matter},
     year = 2003,
    month = jan,
   volume = 338,
    pages = {14-34},
      doi = {10.1046/j.1365-8711.2003.05925.x},
   adsurl = {http://cdsads.u-strasbg.fr/abs/2003MNRAS.338...14P},
  adsnote = {Provided by the SAO/NASA Astrophysics Data System}
}

@ARTICLE{1983PASJ...35..547F,
   author = {{Fujiwara}, T.},
    title = "{Integration of the collisionless Boltzmann equation for spherical stellar systems}",
  journal = {\pasj},
 keywords = {Boltzmann-Vlasov Equation, Gravitational Collapse, Star Clusters, Star Distribution, Stellar Evolution, Stellar Motions, Stellar Systems, Celestial Mechanics, Distribution Functions, Jeans Theory, Numerical Integration, Relaxation (Mechanics), Spherical Plasmas},
     year = 1983,
   volume = 35,
    pages = {547-558},
   adsurl = {http://adsabs.harvard.edu/abs/1983PASJ...35..547F},
  adsnote = {Provided by the SAO/NASA Astrophysics Data System}
}

%%%%%%%%%%%%%%%%%%%%%%%%%%%%%%%%%%%%
%Biblio ROI
@INPROCEEDINGS{antonov,
   author = {{Antonov}, V.~A.},
    title = "{On the instability of stationary spherical models with purely radial motions.}",
booktitle = {Dynamics of Galaxies and Star Clusters},
     year = 1973,
    pages = {139-143, translated in \cite{dezeeuw}},
   adsurl = {http://cdsads.u-strasbg.fr/abs/1973dgsc.conf..139A},
  adsnote = {Provided by the SAO/NASA Astrophysics Data System},
}
@PROCEEDINGS{dezeeuw,
   editor = {{de Zeeuw}, P.~T.},
    title = "{Structure and dynamics of elliptical galaxies; Proceedings of the IAU Symposium, Institute for Advanced Study, Princeton, NJ, May 27-31, 1986}",
 keywords = {CONFERENCES, ELLIPTICAL GALAXIES, GALACTIC STRUCTURE, ASTRONOMICAL MODELS, DARK MATTER, GALACTIC EVOLUTION, INTERSTELLAR MATTER, IONIZED GASES, MASS DISTRIBUTION, STAR FORMATION, X RAY SOURCES},
booktitle = {Structure and Dynamics of Elliptical Galaxies},
     year = 1987,
   series = {IAU Symposium},
   volume = 127,
   editor = "{P.~T.~de Zeeuw}",
   adsurl = {http://cdsads.u-strasbg.fr/abs/1987IAUS..127.....D},
  adsnote = {Provided by the SAO/NASA Astrophysics Data System}
}
@ARTICLE{henon,
   author = {{HÃ©non}, Michel},
    title = "{Numerical Experiments on the Stability of Spherical Stellar Systems}",
  journal = {\aap},
     year = 1973,
    month = apr,
   volume = 24,
    pages = {229-+},
   adsurl = {http://cdsads.u-strasbg.fr/abs/1973A%26A....24..229H},
  adsnote = {Provided by the SAO/NASA Astrophysics Data System}
}
@ARTICLE{waterbag,
   author = {{Gillon}, D. and {Doremus}, J.~P. and {Baumann}, G.},
    title = "{Stability of self-gravitating systems with phase space density - A function of energy and angular momentum for aspherical modes}",
  journal = {\aap},
 keywords = {ANGULAR MOMENTUM, ASTRONOMICAL MODELS, GRAVITATIONAL EFFECTS, STAR CLUSTERS, STELLAR GRAVITATION, STELLAR SYSTEMS, SYSTEMS STABILITY, GRAVITATION THEORY, KINETIC ENERGY, PERTURBATION, SPACE DENSITY, STELLAR MOTIONS},
     year = 1976,
    month = may,
   volume = 48,
    pages = {467-474},
   adsurl = {http://cdsads.u-strasbg.fr/abs/1976A%26A....48..467G},
  adsnote = {Provided by the SAO/NASA Astrophysics Data System}
}
@ARTICLE{polyach,
   author = {{Polyachenko}, V.~L. and {Shukhman}, I.~G.},
    title = "{General Models of Collisionless Spherically Symmetric Stellar Systems - a Stability Analysis}",
  journal = {Soviet Astronomy},
     year = 1981,
    month = oct,
   volume = 25,
    pages = {533-+},
   adsurl = {http://cdsads.u-strasbg.fr/abs/1981SvA....25..533P},
  adsnote = {Provided by the SAO/NASA Astrophysics Data System}
}
@ARTICLE{albada,
   author = {{van Albada}, T.~S.},
    title = "{Dissipationless galaxy formation and the R to the 1/4-power law}",
  journal = {\mnras},
 keywords = {ASTRONOMICAL MODELS, BOUNDARY VALUE PROBLEMS, DISSIPATION, ELLIPTICAL GALAXIES, GALACTIC EVOLUTION, MANY BODY PROBLEM, ANISOTROPIC MEDIA, BODY KINEMATICS, DENSITY DISTRIBUTION, GRAVITATIONAL COLLAPSE, MASS DISTRIBUTION, VELOCITY DISTRIBUTION},
     year = 1982,
    month = dec,
   volume = 201,
    pages = {939-955},
   adsurl = {http://cdsads.u-strasbg.fr/abs/1982MNRAS.201..939V},
  adsnote = {Provided by the SAO/NASA Astrophysics Data System}
}
@ARTICLE{barneshut,
   author = {{Barnes}, J. and {Hut}, P. and {Goodman}, J.},
    title = "{Dynamical instabilities in spherical stellar systems}",
  journal = {\apj},
 keywords = {ASTRODYNAMICS, DYNAMIC STABILITY, ORBITAL MECHANICS, STELLAR MOTIONS, STELLAR SYSTEMS, COMPUTATIONAL ASTROPHYSICS, GLOBULAR CLUSTERS, MANY BODY PROBLEM},
     year = 1986,
    month = jan,
   volume = 300,
    pages = {112-131},
      doi = {10.1086/163786},
   adsurl = {http://cdsads.u-strasbg.fr/abs/1986ApJ...300..112B},
  adsnote = {Provided by the SAO/NASA Astrophysics Data System}
}
@ARTICLE{merritt_aguilar,
   author = {{Merritt}, D. and {Aguilar}, L.~A.},
    title = "{A numerical study of the stability of spherical galaxies}",
  journal = {\mnras},
 keywords = {ASTRONOMICAL MODELS, ELLIPTICAL GALAXIES, GALACTIC STRUCTURE, MANY BODY PROBLEM, SYSTEMS STABILITY, ANISOTROPIC MEDIA, COMPUTATIONAL ASTROPHYSICS, GALACTIC EVOLUTION},
     year = 1985,
    month = dec,
   volume = 217,
    pages = {787-804},
   adsurl = {http://cdsads.u-strasbg.fr/abs/1985MNRAS.217..787M},
  adsnote = {Provided by the SAO/NASA Astrophysics Data System}
}
@ARTICLE{palmerpapa,
   author = {{Palmer}, P.~L. and {Papaloizou}, J.},
    title = "{Instability in spherical stellar systems}",
  journal = {\mnras},
 keywords = {DYNAMIC STABILITY, STELLAR ORBITS, STELLAR SYSTEMS, SYSTEMS STABILITY, ANGULAR MOMENTUM, DIFFERENTIAL EQUATIONS, EIGENVALUES, INTEGRAL EQUATIONS, POLYTROPIC PROCESSES},
     year = 1987,
    month = feb,
   volume = 224,
    pages = {1043-1053},
   adsurl = {http://cdsads.u-strasbg.fr/abs/1987MNRAS.224.1043P},
  adsnote = {Provided by the SAO/NASA Astrophysics Data System}
}
@ARTICLE{lyndenbell,
   author = {{Lynden-Bell}, D.},
    title = "{On a mechanism that structures galaxies}",
  journal = {\mnras},
 keywords = {GALACTIC STRUCTURE, ORBIT CALCULATION, STELLAR MOTIONS, ANGULAR MOMENTUM, SPIRAL GALAXIES, TORQUE},
     year = 1979,
    month = apr,
   volume = 187,
    pages = {101-107},
   adsurl = {http://cdsads.u-strasbg.fr/abs/1979MNRAS.187..101L},
  adsnote = {Provided by the SAO/NASA Astrophysics Data System}
}
@INPROCEEDINGS{merritt1987,
   author = {{Merritt}, D.},
    title = "{Stability of elliptical galaxies - Numerical experiments}",
 keywords = {COMPUTATIONAL ASTROPHYSICS, DYNAMIC STABILITY, ELLIPTICAL GALAXIES, GALACTIC STRUCTURE, BARS, CIRCULAR ORBITS, ECCENTRIC ORBITS, GALACTIC EVOLUTION, SPHERES},
booktitle = {Structure and Dynamics of Elliptical Galaxies},
     year = 1987,
   series = {IAU Symposium},
   volume = 127,
   editor = "{P.~T.~de Zeeuw}",
    pages = {315-327},
   adsurl = {http://cdsads.u-strasbg.fr/abs/1987IAUS..127..315M},
  adsnote = {Provided by the SAO/NASA Astrophysics Data System}
}
@ARTICLE{katz,
   author = {{Katz}, N.},
    title = "{Dissipationless collapse in an expanding universe}",
  journal = {\apj},
 keywords = {GALACTIC CLUSTERS, GALACTIC STRUCTURE, GRAVITATIONAL COLLAPSE, ASTRONOMICAL MODELS, DENSITY DISTRIBUTION, ELLIPTICAL GALAXIES, MANY BODY PROBLEM},
     year = 1991,
    month = feb,
   volume = 368,
    pages = {325-336},
      doi = {10.1086/169696},
   adsurl = {http://cdsads.u-strasbg.fr/abs/1991ApJ...368..325K},
  adsnote = {Provided by the SAO/NASA Astrophysics Data System}
}
@ARTICLE{saha,
   author = {{Saha}, P.},
    title = "{Unstable modes of a spherical stellar system}",
  journal = {\mnras},
 keywords = {MANY BODY PROBLEM, MOTION STABILITY, STELLAR MOTIONS, STELLAR ORBITS, STELLAR SYSTEMS, COMPUTATIONAL ASTROPHYSICS, EIGENVALUES},
     year = 1991,
    month = feb,
   volume = 248,
    pages = {494-502},
   adsurl = {http://cdsads.u-strasbg.fr/abs/1991MNRAS.248..494S},
  adsnote = {Provided by the SAO/NASA Astrophysics Data System}
}
@ARTICLE{weinberg,
   author = {{Weinberg}, M.~D.},
    title = "{A search for instability in two families of spherical stellar models}",
  journal = {\apj},
 keywords = {COMPUTATIONAL ASTROPHYSICS, GALACTIC STRUCTURE, STELLAR MODELS, STELLAR PHYSICS, NYQUIST DIAGRAM, STELLAR MASS, STELLAR ORBITS, SYSTEMS STABILITY},
     year = 1991,
    month = feb,
   volume = 368,
    pages = {66-78},
      doi = {10.1086/169671},
   adsurl = {http://cdsads.u-strasbg.fr/abs/1991ApJ...368...66W},
  adsnote = {Provided by the SAO/NASA Astrophysics Data System}
}
@ARTICLE{cincotta,
   author = {{Cincotta}, P.~M. and {Nunez}, J.~A. and {Muzzio}, J.~C.},
    title = "{On the Radial Orbit Instability}",
  journal = {\apj},
 keywords = {INSTABILITIES, CELESTIAL MECHANICS, STELLAR DYNAMICS},
     year = 1996,
    month = jan,
   volume = 456,
    pages = {274-+},
      doi = {10.1086/176647},
   adsurl = {http://cdsads.u-strasbg.fr/abs/1996ApJ...456..274C},
  adsnote = {Provided by the SAO/NASA Astrophysics Data System}
}
@ARTICLE{perez_et_al,
   author = {{Perez}, J. and {Alimi}, J.-M. and {Aly}, J.-J. and {Scholl}, H.
	},
    title = "{Stability of spherical stellar systems - II. Numerical results}",
  journal = {\mnras},
   eprint = {arXiv:astro-ph/9511090},
 keywords = {INSTABILITIES, CELESTIAL MECHANICS, STELLAR DYNAMICS},
     year = 1996,
    month = jun,
   volume = 280,
    pages = {700-710},
   adsurl = {http://cdsads.u-strasbg.fr/abs/1996MNRAS.280..700P},
  adsnote = {Provided by the SAO/NASA Astrophysics Data System}
}
@ARTICLE{Perezaly,
   author = {{Perez}, J. and {Aly}, {J.-J.}},
    title = "{Stability of spherical stellar systems - I. Analytical results}",
  journal = {\mnras},
   eprint = {arXiv:astro-ph/9511103},
 keywords = {INSTABILITIES, CELESTIAL MECHANICS, STELLAR DYNAMICS},
     year = 1996,
    month = jun,
   volume = 280,
    pages = {689-699},
   adsurl = {http://adsabs.harvard.edu/abs/1996MNRAS.280..689P},
  adsnote = {Provided by the SAO/NASA Astrophysics Data System}
}
@ARTICLE{theis,
   author = {{Theis}, C. and {Spurzem}, R.},
    title = "{On the evolution of shape in N-body simulations}",
  journal = {\aap},
   eprint = {arXiv:astro-ph/9810023},
 keywords = {METHODS: N-BODY SIMULATIONS, GALAXIES: EVOLUTION, GALAXIES: KINEMATICS AND DYNAMICS},
     year = 1999,
    month = jan,
   volume = 341,
    pages = {361-370},
   adsurl = {http://cdsads.u-strasbg.fr/abs/1999A%26A...341..361T},
  adsnote = {Provided by the SAO/NASA Astrophysics Data System}
}
@ARTICLE{roy,
   author = {{Roy}, F. and {Perez}, J.},
    title = "{Dissipationless collapse of a set of N massive particles}",
  journal = {\mnras},
   eprint = {arXiv:astro-ph/0310871},
 keywords = {methods: numerical, methods: N-body simulations, globular clusters: general, galaxies: formation},
     year = 2004,
    month = feb,
   volume = 348,
    pages = {62-72},
      doi = {10.1111/j.1365-2966.2004.07294.x},
   adsurl = {http://cdsads.u-strasbg.fr/abs/2004MNRAS.348...62R},
  adsnote = {Provided by the SAO/NASA Astrophysics Data System}
}
@ARTICLE{boily,
   author = {{Boily}, C.~M. and {Athanassoula}, E.},
    title = "{On the equilibrium morphology of systems drawn from spherical collapse experiments}",
  journal = {\mnras},
archivePrefix = "arXiv",
   eprint = {0705.2552},
 keywords = {methods: N-body simulations: methods: numerical, methods: N-body simulations, methods: numerical},
     year = 2006,
    month = jun,
   volume = 369,
    pages = {608-624},
      doi = {10.1111/j.1365-2966.2006.10365.x},
   adsurl = {http://cdsads.u-strasbg.fr/abs/2006MNRAS.369..608B},
  adsnote = {Provided by the SAO/NASA Astrophysics Data System}
}
@ARTICLE{huss,
   author = {{Huss}, A. and {Jain}, B. and {Steinmetz}, M.},
    title = "{How Universal Are the Density Profiles of Dark Halos?}",
  journal = {\apj},
   eprint = {arXiv:astro-ph/9803117},
 keywords = {COSMOLOGY: THEORY, COSMOLOGY: DARK MATTER, GALAXIES: HALOS, METHODS: NUMERICAL},
     year = 1999,
    month = may,
   volume = 517,
    pages = {64-69},
      doi = {10.1086/307161},
   adsurl = {http://cdsads.u-strasbg.fr/abs/1999ApJ...517...64H},
  adsnote = {Provided by the SAO/NASA Astrophysics Data System}
}
@ARTICLE{macmillan,
   author = {{MacMillan}, J.~D. and {Widrow}, L.~M. and {Henriksen}, R.~N.
	},
    title = "{On Universal Halos and the Radial Orbit Instability}",
  journal = {\apj},
   eprint = {arXiv:astro-ph/0604418},
 keywords = {Cosmology: Theory, Cosmology: Dark Matter, Cosmology: Large-Scale Structure of Universe},
     year = 2006,
    month = dec,
   volume = 653,
    pages = {43-52},
      doi = {10.1086/508602},
   adsurl = {http://cdsads.u-strasbg.fr/abs/2006ApJ...653...43M},
  adsnote = {Provided by the SAO/NASA Astrophysics Data System}
}
@ARTICLE{barnes2005,
   author = {{Barnes}, E.~I. and {Williams}, L.~L.~R. and {Babul}, A. and 
	{Dalcanton}, J.~J.},
    title = "{Scale Lengths in Dark Matter Halos}",
  journal = {\apj},
   eprint = {arXiv:astro-ph/0508160},
 keywords = {Cosmology: Dark Matter, Galaxies: Evolution, Galaxies: Formation, Galaxies: Halos},
     year = 2005,
    month = nov,
   volume = 634,
    pages = {775-783},
      doi = {10.1086/497066},
   adsurl = {http://cdsads.u-strasbg.fr/abs/2005ApJ...634..775B},
  adsnote = {Provided by the SAO/NASA Astrophysics Data System}
}
@ARTICLE{trenti,
   author = {{Trenti}, M. and {Bertin}, G.},
    title = "{Partial Suppression of the Radial Orbit Instability in Stellar Systems}",
  journal = {\apj},
   eprint = {arXiv:astro-ph/0510154},
 keywords = {Galaxies: Evolution, Galaxies: Kinematics and Dynamics, Galaxies: Structure, Methods: n-Body Simulations, Stellar Dynamics},
     year = 2006,
    month = feb,
   volume = 637,
    pages = {717-726},
      doi = {10.1086/498637},
   adsurl = {http://cdsads.u-strasbg.fr/abs/2006ApJ...637..717T},
  adsnote = {Provided by the SAO/NASA Astrophysics Data System}
}
@ARTICLE{ROI_Moderne,
   author = {{Bellovary}, J.~M. and {Dalcanton}, J.~J. and {Babul}, A. and 
	{Quinn}, T.~R. and {Maas}, R.~W. and {Austin}, C.~G. and {Williams}, L.~L.~R. and 
	{Barnes}, E.~I.},
    title = "{The Role of the Radial Orbit Instability in Dark Matter Halo Formation and Structure}",
  journal = {\apj},
archivePrefix = "arXiv",
   eprint = {0806.3434},
 keywords = {Cosmology: Dark Matter, Galaxies: Evolution, Galaxies: Formation, Galaxies: Halos, Instabilities},
     year = 2008,
    month = oct,
   volume = 685,
    pages = {739-751},
      doi = {10.1086/591120},
   adsurl = {http://adsabs.harvard.edu/abs/2008ApJ...685..739B},
  adsnote = {Provided by the SAO/NASA Astrophysics Data System}
}
@ARTICLE{barneslanzel,
   author = {{Barnes}, E.~I. and {Lanzel}, P.~A. and {Williams}, L.~L.~R.
	},
    title = "{The Radial Orbit Instability in Collisionless N-Body Simulations}",
  journal = {\apj},
archivePrefix = "arXiv",
   eprint = {0908.3873},
 keywords = {galaxies: kinematics and dynamics, galaxies: structure },
     year = 2009,
    month = oct,
   volume = 704,
    pages = {372-384},
      doi = {10.1088/0004-637X/704/1/372},
   adsurl = {http://adsabs.harvard.edu/abs/2009ApJ...704..372B},
  adsnote = {Provided by the SAO/NASA Astrophysics Data System}
}
@ARTICLE{antonini,
   author = {{Antonini}, F. and {Capuzzo-Dolcetta}, R. and {Merritt}, D.},
    title = "{A counterpart to the radial-orbit instability in triaxial stellar systems}",
  journal = {\mnras},
archivePrefix = "arXiv",
   eprint = {0901.4485},
 keywords = {stellar dynamics , methods: numerical , galaxies: elliptical and lenticular, cD , dark matter},
     year = 2009,
    month = aug,
    pages = {1180-+},
      doi = {10.1111/j.1365-2966.2009.15342.x},
   adsurl = {http://adsabs.harvard.edu/abs/2009MNRAS.tmp.1180A},
  adsnote = {Provided by the SAO/NASA Astrophysics Data System}
}
@ARTICLE{kandrupstability,
	author = {{Kandrup}, H.~E.},
	title = "{A stability criterion for any collisionless stellar equilibrium and some concrete applications thereof}",
	journal = {\apj},
	year = 1991,
	month = mar,
	volume = 370,
	pages = {312-317},
}
@ARTICLE{morrison,
   author = {{Morrison}, P.~J. and {Greene}, J.~M.},
    title = "{Noncanonical Hamiltonian density formulation of hydrodynamics and ideal magnetohydrodynamics}",
  journal = {Physical Review Letters},
 keywords = {HAMILTONIAN FUNCTIONS, HYDRODYNAMIC EQUATIONS, MAGNETOHYDRODYNAMICS, PLASMA DENSITY, PLASMA DYNAMICS, EULER-LAGRANGE EQUATION, FOURIER TRANSFORMATION, KORTEWEG-DEVRIES EQUATION, POISSON EQUATION},
     year = 1980,
    month = sep,
   volume = 45,
    pages = {790-794},
      doi = {10.1103/PhysRevLett.45.790},
   adsurl = {http://adsabs.harvard.edu/abs/1980PhRvL..45..790M},
  adsnote = {Provided by the SAO/NASA Astrophysics Data System}
}
@ARTICLE{bartho,
   author = {{Bartholomew}, P.},
    title = "{On the theory of stability of galaxies}",
  journal = {\mnras},
     year = 1971,
   volume = 151,
    pages = {333-+},
   adsurl = {http://adsabs.harvard.edu/abs/1971MNRAS.151..333B},
  adsnote = {Provided by the SAO/NASA Astrophysics Data System}
}
@article{blochmarsden,
	author = "Bloch, A.M. and Krishnaprasad, P.S. and Marsden, J.E. and Ratiu, T.S.",
	title = "{Dissipation induced instabilities.}",
	language = "English",
	year = "1994",
	journal =  {Ann. Inst. Henri PoincarÃ©},
	classmath="{*37C75 (Stability theory) 70J25 (Stability of linear oscillatory motions)}",
}
@article{krechet,
          volume = {194},
          number = {2},
           month = nov,
          author = {Rouslan, K. and Marsden, J.},
           title = {Dissipation-Induced Instability Phenomena in Infinite-Dimensional Systems },
       publisher = {Springer},
            year = {2009},
         journal = {Arch. Rational Mech. Anal.},
           pages = {611--668},
}
@book{binntre,
	author = {{Binney}, J. and {Tremaine}, S.},
	title = {Galactic Dynamics},
	publisher = {Princeton University Press},
	year = {2008},
	chapter = {1.2.1.},
	pages = {34--37},
}
@article{future,
	  volume = {194},
          number = {405-4},
          author = {{MarÃ©chal}, L. and {Perez}, J.},
           title = {Radial orbit instability as a dissipation-induced phenomenon},
            year = {2009},
         journal = {\mnras},
           pages = {2785, 2010},
}

@ARTICLE{2010A&A...522A..71J,
   author = {{Jordi}, K. and {Grebel}, E.~K.},
    title = "{Search for extratidal features around 17 globular clusters in the Sloan Digital Sky Survey}",
  journal = {\aap},
archivePrefix = "arXiv",
   eprint = {1008.2966},
 primaryClass = "astro-ph.GA",
 keywords = {globular clusters: general, Galaxy: structure},
     year = 2010,
    month = nov,
   volume = 522,
      eid = {A71},
    pages = {A71},
      doi = {10.1051/0004-6361/201014392},
   adsurl = {http://adsabs.harvard.edu/abs/2010A%26A...522A..71J},
  adsnote = {Provided by the SAO/NASA Astrophysics Data System}
}

@ARTICLE{1999ApJ...523..136S,
   author = {{Sofue}, Y. and {Tutui}, Y. and {Honma}, M. and {Tomita}, A. and 
	{Takamiya}, T. and {Koda}, J. and {Takeda}, Y.},
    title = "{Central Rotation Curves of Spiral Galaxies}",
  journal = {\apj},
   eprint = {astro-ph/9905056},
 keywords = {GALAXIES: KINEMATICS AND DYNAMICS, GALAXIES: NUCLEI, GALAXIES: SPIRAL},
     year = 1999,
    month = sep,
   volume = 523,
    pages = {136-146},
      doi = {10.1086/307731},
   adsurl = {http://adsabs.harvard.edu/abs/1999ApJ...523..136S},
  adsnote = {Provided by the SAO/NASA Astrophysics Data System}
}

@ARTICLE{2014ApJ...786L...3L,
   author = {{Laevens}, B.~P.~M. and {Martin}, N.~F. and {Sesar}, B. and 
	{Bernard}, E.~J. and {Rix}, H.-W. and {Slater}, C.~T. and {Bell}, E.~F. and 
	{Ferguson}, A.~M.~N. and {Schlafly}, E.~F. and {Burgett}, W.~S. and 
	{Chambers}, K.~C. and {Denneau}, L. and {Draper}, P.~W. and 
	{Kaiser}, N. and {Kudritzki}, R.-P. and {Magnier}, E.~A. and 
	{Metcalfe}, N. and {Morgan}, J.~S. and {Price}, P.~A. and {Sweeney}, W.~E. and 
	{Tonry}, J.~L. and {Wainscoat}, R.~J. and {Waters}, C.},
    title = "{A New Distant Milky Way Globular Cluster in the Pan-STARRS1 3{$\pi$} Survey}",
  journal = {\apjl},
archivePrefix = "arXiv",
   eprint = {1403.6593},
 keywords = {globular clusters: individual: PSO J174.0675-10.8774, Local Group },
     year = 2014,
    month = may,
   volume = 786,
      eid = {L3},
    pages = {L3},
      doi = {10.1088/2041-8205/786/1/L3},
   adsurl = {http://adsabs.harvard.edu/abs/2014ApJ...786L...3L},
  adsnote = {Provided by the SAO/NASA Astrophysics Data System}
}

@BOOK{2006CombesBook,
   author = {{Combes}, F.},
    title = "{MystÃ¨res de la formation des galaxies}",
booktitle = {MystÃ¨res de la formation des galaxies, by FranÃ§oise Combes.~ISBN 978-2-10-053942-0.~Published by Dunod, 2008.},
     year = 2008,
publisher = {Dunod}
}

@ARTICLE{1996ApJ...471..796M,
   author = {{Makino}, J.},
    title = "{Postcollapse Evolution of Globular Clusters}",
  journal = {\apj},
   eprint = {astro-ph/9608160},
 keywords = {GALAXY: GLOBULAR CLUSTERS: GENERAL, METHODS: NUMERICAL, STARS: KINEMATICS},
     year = 1996,
    month = nov,
   volume = 471,
    pages = {796},
      doi = {10.1086/178007},
   adsurl = {http://adsabs.harvard.edu/abs/1996ApJ...471..796M},
  adsnote = {Provided by the SAO/NASA Astrophysics Data System}
}

@ARTICLE{1933AcHPh...6..110Z,
   author = {{Zwicky}, F.},
    title = "{Die Rotverschiebung von extragalaktischen Nebeln}",
  journal = {Helvetica Physica Acta},
     year = 1933,
   volume = 6,
    pages = {110-127},
   adsurl = {http://adsabs.harvard.edu/abs/1933AcHPh...6..110Z},
  adsnote = {Provided by the SAO/NASA Astrophysics Data System}
}

@ARTICLE{2001ApJ...552L..23D,
   author = {{de Blok}, W.~J.~G. and {McGaugh}, S.~S. and {Bosma}, A. and {Rubin}, V.~C.},
    title = "{Mass Density Profiles of Low Surface Brightness Galaxies}",
  journal = {\apjl},
   eprint = {astro-ph/0103102},
 keywords = {Cosmology: Dark Matter, Galaxies: Fundamental Parameters, Galaxies: Kinematics and Dynamics},
     year = 2001,
    month = may,
   volume = 552,
    pages = {L23-L26},
      doi = {10.1086/320262},
   adsurl = {http://adsabs.harvard.edu/abs/2001ApJ...552L..23D},
  adsnote = {Provided by the SAO/NASA Astrophysics Data System}
}
@ARTICLE{2006AJ....132.2685M,
   author = {{Merritt}, D. and {Graham}, A.~W. and {Moore}, B. and {Diemand}, J. and {Terzi{\'c}}, B.},
    title = "{Empirical Models for Dark Matter Halos. I. Nonparametric Construction of Density Profiles and Comparison with Parametric Models}",
  journal = {\aj},
   eprint = {astro-ph/0509417},
 keywords = {Cosmology: Dark Matter, Galaxies: Halos, Methods: N-Body Simulations},
     year = 2006,
    month = dec,
   volume = 132,
    pages = {2685-2700},
      doi = {10.1086/508988},
   adsurl = {http://adsabs.harvard.edu/abs/2006AJ....132.2685M},
  adsnote = {Provided by the SAO/NASA Astrophysics Data System}
}
@ARTICLE{2006AJ....132.2701G,
   author = {{Graham}, A.~W. and {Merritt}, D. and {Moore}, B. and {Diemand}, J. and {Terzi{\'c}}, B.},
    title = "{Empirical Models for Dark Matter Halos. II. Inner Profile Slopes, Dynamical Profiles, and {$\rho$}/{$\sigma$}$^{3}$}",
  journal = {\aj},
   eprint = {astro-ph/0608613},
 keywords = {Cosmology: Dark Matter, Galaxies: Fundamental Parameters, Galaxies: Halos, Galaxies: Structure, Methods: Analytical},
     year = 2006,
    month = dec,
   volume = 132,
    pages = {2701-2710},
      doi = {10.1086/508990},
   adsurl = {http://adsabs.harvard.edu/abs/2006AJ....132.2701G},
  adsnote = {Provided by the SAO/NASA Astrophysics Data System}
}
@ARTICLE{2006AJ....132.2711G,
   author = {{Graham}, A.~W. and {Merritt}, D. and {Moore}, B. and {Diemand}, J. and {Terzi{\'c}}, B.},
    title = "{Empirical Models for Dark Matter Halos. III. The Kormendy Relation and the log{$\rho$}$_{e}$-logR$_{e}$ Relation}",
  journal = {\aj},
   eprint = {astro-ph/0608614},
 keywords = {Cosmology: Dark Matter, Galaxies: Fundamental Parameters, Galaxies: Halos, Galaxies: Structure},
     year = 2006,
    month = dec,
   volume = 132,
    pages = {2711-2716},
      doi = {10.1086/508992},
   adsurl = {http://adsabs.harvard.edu/abs/2006AJ....132.2711G},
  adsnote = {Provided by the SAO/NASA Astrophysics Data System}
}

@ARTICLE{1939LicOB..19...41B,
   author = {{Babcock}, H.~W.},
    title = "{The rotation of the Andromeda Nebula}",
  journal = {Lick Observatory Bulletin},
 keywords = {ANDROMEDA GALAXY},
     year = 1939,
   volume = 19,
    pages = {41-51},
   adsurl = {http://adsabs.harvard.edu/abs/1939LicOB..19...41B},
  adsnote = {Provided by the SAO/NASA Astrophysics Data System}
}

@ARTICLE{2014arXiv1404.5175C,
   author = {{Colombi}, S. and {Touma}, J.},
    title = "{Vlasov-Poisson in 1D: waterbags}",
  journal = {ArXiv e-prints},
archivePrefix = "arXiv",
   eprint = {1404.5175},
 keywords = {Astrophysics - Astrophysics of Galaxies, Astrophysics - Cosmology and Nongalactic Astrophysics},
     year = 2014,
    month = apr,
   adsurl = {http://adsabs.harvard.edu/abs/2014arXiv1404.5175C},
  adsnote = {Provided by the SAO/NASA Astrophysics Data System}
}

@ARTICLE{2013MNRAS.429.3068T,
   author = {{Teyssier}, R. and {Pontzen}, A. and {Dubois}, Y. and {Read}, J.~I.
	},
    title = "{Cusp-core transformations in dwarf galaxies: observational predictions}",
  journal = {\mnras},
archivePrefix = "arXiv",
   eprint = {1206.4895},
 primaryClass = "astro-ph.CO",
 keywords = {galaxies: dwarf, ISM: structure, methods: numerical, dark matter},
     year = 2013,
    month = mar,
   volume = 429,
    pages = {3068-3078},
      doi = {10.1093/mnras/sts563},
   adsurl = {http://adsabs.harvard.edu/abs/2013MNRAS.429.3068T},
  adsnote = {Provided by the SAO/NASA Astrophysics Data System}
}
